3250 5000
411 488 1021 574 Aristophanearum
1068 489 1232 556 libro
1279 511 1427 575 pag.
1464 491 1588 556 117
1639 492 1965 576 proposuit
1995 491 2492 557 emendationem
2525 492 2601 575 νὴ
2644 491 2759 556 Δία

406 598 577 661 πάνυ
609 598 804 681 παχύ,
852 619 990 662 eam
1037 596 1446 662 libentissime
1480 598 1720 681 accipio
1751 599 1857 664 sed
1896 599 1987 664 ita
2018 602 2089 662 ut
2134 598 2394 663 inversis
2441 599 2761 665 vocabulis

409 705 682 769 scribere
735 704 954 769 malim
999 703 1173 787 παχὺ
1221 706 1422 782 πάνυ;
1480 705 1568 770 sic
1615 707 1784 770 enim
1840 706 2040 770 oritur
2087 704 2334 785 soluti0,
2394 704 2646 790 qualem
2693 710 2762 770 ut

414 811 766 895 legitimam
813 810 1141 876 attulimus
1186 811 1254 877 in
1300 811 1555 878 Thesm.
1603 834 1663 877 v.
1698 813 1827 877 916
1874 811 2030 895 ταχὺ
2077 812 2267 897 πάνυ.

587 917 736 985 Non
781 921 989 984 minus
1036 918 1392 1002 depravatis
1437 921 1714 985 numeris
1759 919 2012 985 laborat
2055 919 2201 1004 LyS.
2250 942 2309 984 v.
2349 921 2471 984 102
2519 921 2557 984 ὁ
2605 926 2761 1001 γοῦν

411 1025 567 1108 ἐμὸς
613 1026 798 1110 ἀνήρ,
864 1049 1047 1110 quem
1097 1026 1386 1110 Engerus
1442 1031 1613 1092 recto
1661 1027 1900 1109 judicio
1948 1026 2446 1110 Aristophaneae
2502 1048 2760 1092 consue-

410 1133 616 1196 tudini
662 1154 788 1196 non
835 1133 1206 1216 respondere
1253 1137 1424 1197 ratus
1470 1134 1561 1197 ita
1608 1135 1940 1199 emendare
1985 1133 2225 1198 studuit
2270 1138 2341 1197 ut
2385 1138 2764 1216 proponeret

412 1240 449 1303 oe
483 1245 638 1322 γοῦν
671 1240 971 1323 ἐμαυτῆς,
1020 1262 1210 1323 quam
1242 1240 1666 1324 conjecturam
1701 1263 1818 1327 ego
1860 1240 2158 1306 libentius
2197 1241 2543 1324 amplector
2573 1264 2762 1326 quam

412 1346 910 1411 emendationem
942 1369 980 1410 a
1010 1346 1290 1431 Bergkio
1321 1351 1631 1413 tentatam
1678 1349 1743 1412 in
1777 1349 2264 1413 Zimmermanni
2297 1348 2534 1413 diurnis
2569 1350 2762 1424 1835,

410 1474 473 1536 p.
511 1454 639 1518 948
689 1454 726 1516 ὅ
774 1460 930 1536 γοῦν
977 1453 1134 1536 ἐμὸς
1182 1455 1344 1538 ἁνήρ
1393 1460 1802 1539 proponente.

590 1560 897 1626 Omnibus
943 1561 1394 1627 recentioribus
1434 1562 1777 1627 editoribus
1809 1564 2099 1628 omnibus
2135 1565 2412 1628 numeris
2441 1563 2764 1628 absolutus

417 1666 660 1732 videtur
691 1690 819 1733 esse
854 1670 971 1732 Av.
1004 1692 1062 1732 v.
1094 1670 1287 1746 1575,
1334 1691 1522 1752 quem
1553 1669 1642 1735 sic
1672 1669 1942 1752 legimus
1986 1670 2051 1734 in
2086 1669 2291 1735 libris:
2341 1670 2501 1754 ἐμοῦ
2523 1670 2635 1753 (γ’)
2671 1670 2764 1733 ὅτι

412 1774 521 1838 τὸν
577 1776 939 1860 ἄνθρωπον
1003 1777 1221 1859 ἄγχειν
1280 1776 1615 1859 βούλομαι.
1710 1775 1786 1840 In
1847 1777 1966 1841 hoc
2027 1798 2209 1841 versu
2270 1776 2526 1840 alterius
2591 1777 2763 1860 pedis

412 1882 640 1947 solutio
701 1886 949 1947 tantum
1013 1884 1206 1963 abest,
1270 1887 1342 1948 ut
1388 1882 1831 1966 Aristophanis
1885 1884 2092 1967 sapiat
2151 1905 2352 1961 usum,
2414 1887 2486 1946 ut
2546 1887 2765 1947 contra

413 1989 558 2054 talis
618 1989 855 2055 insoliti
916 1990 1224 2055 tribrachi
1286 2012 1403 2074 par
1465 1992 1821 2074 exemplum
1882 2012 1998 2074 per
2055 2012 2268 2054 omnes
2327 1990 2457 2073 ejus
2518 1989 2766 2055 fabulas

414 2118 540 2161 non
597 2097 889 2180 reperias
984 2095 1208 2181 Itaque
1264 2119 1407 2163 eum
1455 2120 1545 2177 ea,
1612 2121 1739 2181 qua
1792 2098 2107 2163 codicibus
2162 2096 2494 2163 exhibetur
2540 2097 2762 2177 forma,

413 2206 680 2288 probum
706 2227 834 2269 esse
860 2204 1050 2269 etiam
1071 2209 1261 2289 atque
1287 2206 1478 2270 etiam
1502 2226 1663 2289 nego
1689 2209 1878 2289 atque
1899 2228 2041 2270 cum
2061 2204 2362 2269 Richtero
2379 2203 2595 2287 (Vesp.
2611 2205 2765 2284 853)

414 2314 525 2395 qui
570 2314 809 2395 primus
857 2314 932 2379 de
971 2336 1180 2378 versus
1227 2314 1496 2379 sanitate
1544 2314 1878 2392 dubitavit,
1925 2314 2235 2378 scribatur
2281 2334 2582 2396 propono,
2630 2312 2763 2394 ὁτιὴ

414 2417 522 2483 τὸν
569 2420 754 2503 ἄνδρ’
789 2420 1095 2504 ἀπάγχειν
1140 2420 1476 2504 βούλομαι.

595 2527 882 2612 Denique
958 2532 1028 2592 ut
1102 2528 1456 2607 ostendam,
1533 2528 1611 2591 ad
1681 2549 1836 2611 quas
1909 2526 2304 2592 incredibiles
2375 2527 2766 2610 conjecturas

416 2634 701 2700 homines
748 2635 914 2699 docti
970 2635 1037 2698 in
1084 2635 1279 2699 nostri
1336 2634 1568 2699 fabulis
1623 2634 2027 2699 emendandis
2080 2637 2396 2698 versantes
2450 2633 2764 2699 interdum

416 2741 729 2825 progressi
775 2742 903 2806 sint
933 2742 1226 2825 opinione
1274 2741 1467 2821 ducti,
1517 2741 2005 2824 Aristophanem
2044 2741 2334 2806 omnibus
2380 2740 2765 2825 syllabarum

414 2849 750 2933 longarum
810 2848 1225 2914 solutionibus
1285 2848 1534 2913 veniam
1590 2848 1988 2927 concessisse,
2053 2848 2205 2910 duas
2259 2868 2458 2929 nuper
2513 2869 2551 2910 a
2606 2846 2766 2912 Mei-

416 2955 603 3020 nekio
664 2955 731 3018 in
778 2956 1191 3021 vindiciarum
1253 2954 1417 3019 libro
1479 2954 1828 3037 publicatas
1882 2954 2142 3017 afferam
2198 2957 2387 3037 atque
2447 2953 2761 3038 inquiram

416 3062 731 3127 lectiones,
825 3061 901 3126 In
956 3062 1129 3127 Nub.
1186 3084 1246 3126 v.
1287 3063 1413 3126 663
1474 3083 1587 3127 suo
1644 3060 1788 3143 jure
1850 3060 2334 3144 improbandum
2397 3082 2527 3126 esse
2589 3064 2763 3124 ratus

418 3174 827 3252 anapaestum
890 3192 927 3233 a
990 3169 1308 3234 tribracho
1371 3172 1701 3252 exceptum
1760 3172 1998 3233 rectam
2065 3168 2332 3252 denique
2396 3168 2583 3250 hujus
2644 3167 2765 3233 loci

418 3276 913 3341 emendationem
957 3277 1267 3340 invenisse
1310 3275 1430 3340 sibi
1459 3276 1728 3354 videtur,
1777 3298 1920 3340 cum
1952 3274 2210 3360 conjicit
2256 3275 2568 3357 ἀλέκτορα
2600 3274 2761 3338 κατὰ

416 3387 656 3446 τοῦτον.
733 3381 1053 3448 Nimirum
1097 3383 1456 3467 ignorabat,
1507 3381 1995 3466 Aristophanem
2043 3404 2168 3446 non
2217 3405 2414 3467 usque
2452 3404 2523 3447 eo
2569 3383 2764 3447 licen-

417 3490 543 3554 tiae
588 3511 985 3575 progressum
1034 3511 1180 3569 esse,
1239 3493 1309 3553 ut
1363 3489 1591 3574 longae
1638 3489 1878 3554 solutae
1926 3489 2199 3574 syllabas
2257 3488 2475 3554 breves
2530 3490 2594 3553 in
2643 3490 2764 3555 duo

418 3598 822 3663 distribueret
866 3596 1191 3675 vocabula,
1239 3620 1400 3682 quae
1446 3596 1622 3662 nulla
1668 3619 1750 3661 ne
1797 3598 2060 3661 minima
2101 3598 2354 3681 quidem
2401 3597 2765 3661 necessitate

418 3705 908 3770 continerentur.
1004 3703 1226 3787 Itaque
1270 3726 1385 3788 pro
1432 3726 1525 3783 eo,
1574 3708 1646 3767 ut
1692 3704 2181 3769 emendatiorem
2224 3705 2510 3769 redderet
2555 3726 2765 3769 versus

419 3813 819 3897 rhythmum,
882 3813 1070 3875 etiam
1135 3811 1337 3895 magis
1400 3811 1720 3876 insolitam
1781 3812 1984 3876 versui
2047 3812 2305 3876 intrusit
2366 3811 2538 3893 pedis
2597 3811 2766 3876 solu-

418 3920 676 3985 tionem.
754 3917 941 3983 Haud
996 3919 1123 3984 scio
1171 3941 1252 3982 an
1314 3919 1556 4002 pridem
1616 3917 1806 4002 hujus
1862 3919 1982 3984 loci
2030 3923 2200 3984 recta
2259 3919 2444 3983 lectio
2508 3919 2766 3984 inventa

419 4028 501 4091 sit
550 4025 624 4091 G.
667 4027 1018 4092 Hermanni
1072 4026 1435 4111 sagacitate,
1492 4026 1601 4110 qui
1656 4027 1900 4092 scribit:
1965 4026 2356 4110 ἀλεκτρυόνα
2413 4026 2521 4089 καὶ
2576 4024 2764 4088 ταύτὸ

421 4131 529 4194 καὶ
582 4130 691 4193 τὸν
745 4133 986 4215 ἄρρενα
1045 4130 1154 4214 (cf.
1218 4136 1408 4216 caput
1466 4132 1530 4196 in
1588 4155 1712 4215 quo
1769 4134 1980 4218 agitur
2035 4134 2108 4198 de
2162 4130 2762 4216 proceleusmatico).

598 4236 811 4300 Etiam
857 4240 1210 4323 graviorem
1264 4244 1478 4303 notam
1536 4240 1765 4304 meruit
1811 4239 2163 4304 Meinekius
2208 4239 2289 4302 ob
2336 4240 2762 4323 conjecturam
