3250 5000
1390 291 1791 354 —7....

417 483 686 566 phanem
753 505 876 547 non
912 483 1218 548 timuisse
1275 488 1565 567 apparet,
1628 483 1938 548 similibus
2001 483 2455 549 elocutionibus
2515 507 2761 549 versum

415 592 713 673 incipere,
762 592 1125 674 praesertim
1174 612 1314 655 cum
1362 591 1477 654 νύν
1524 590 1835 675 particula
1879 595 2011 655 tam
2058 595 2225 655 arcte
2258 590 2590 656 cohaereat
2621 614 2760 657 cum

417 699 841 776 antecedente,
899 702 971 761 ut
1017 697 1146 781 ejus
1202 698 1378 782 quasi
1437 698 1726 763 ultimam
1783 698 2014 763 formet
2067 697 2395 783 syllabam.
2490 698 2573 762 Et
2619 721 2762 764 cum

415 804 645 869 iterum
703 809 891 888 atque
950 804 1176 868 iterum
1240 806 1307 869 in
1367 805 1563 869 initiis
1624 806 2078 869 sententiarum
2141 804 2363 869 Graeci
2426 804 2763 870 articulum

417 916 721 994 ponerent
773 913 1137 995 insequente
1190 912 1581 976 substantivo
1636 913 1837 996 iisque
1885 912 2347 997 conjunctionis
2392 933 2579 982 causa
2621 911 2760 994 μὲν,
2828 980 2835 988 ,

418 1018 506 1091 δὲ,
554 1017 676 1100 γὰρ
722 1018 1061 1101 particulas
1105 1019 1599 1102 interponerent,
1647 1017 2106 1101 Aristophanes
2154 1041 2226 1083 ea
2272 1041 2341 1084 re
2388 1019 2573 1084 facile
2619 1040 2761 1102 per-

414 1130 619 1189 motus
666 1129 776 1205 est,
827 1129 897 1189 ut
941 1124 1087 1190 inde
1126 1126 1368 1209 justum
1415 1130 1658 1208 peteret
1700 1147 1910 1190 versus
1956 1126 2228 1192 initium.
2322 1124 2422 1191 Ita
2468 1147 2544 1190 ex
2589 1147 2760 1190 com-

417 1233 589 1295 muni
635 1233 937 1297 sermonis
993 1255 1106 1297 usu
1154 1232 1314 1296 duae
1367 1233 1834 1297 tribrachorum
1895 1233 2228 1297 incisorum
2266 1233 2529 1317 -formae
2586 1236 2761 1298 ortae

414 1361 542 1404 esse
591 1338 745 1402 mihi
793 1338 1101 1418 videntur,
1161 1361 1322 1422 quae
1376 1340 1440 1403 in
1489 1339 1695 1422 primo
1745 1339 1901 1421 pede
1949 1337 2270 1403 adhibitae
2318 1337 2761 1423 Aristophanis

340 1429 347 1437 ⁸
413 1445 702 1529 propriae
748 1467 877 1510 esse
923 1446 1044 1510 dici
1094 1451 1370 1528 possunt.

591 1553 688 1616 Ad
735 1553 900 1636 ipsos
937 1553 1071 1636 jam
1101 1552 1567 1637 transgrediens
1598 1551 1951 1617 tribrachos
1987 1558 2129 1635 post
2158 1552 2422 1617 alteram
2452 1552 2759 1638 syllabam

410 1660 636 1724 incisos
681 1659 953 1743 primum
1001 1661 1067 1723 in
1115 1661 1234 1724 hac
1279 1661 1421 1723 sede
1458 1680 1645 1743 agam
1694 1660 1769 1723 de
1815 1658 1959 1738 illis,
2009 1660 2076 1723 in
2109 1660 2335 1743 quibus
2383 1661 2520 1724 voci
2567 1659 2760 1745 bisyl-

410 1767 592 1832 labae
636 1768 975 1851 subjuncta
1023 1771 1115 1831 est
1169 1766 1621 1851 monosyllaba.
1718 1766 1930 1850 Atque
1986 1766 2091 1831 hic
2145 1767 2399 1852 quidem
2453 1767 2761 1852 imprimis

412 1875 781 1940 excutienda
826 1880 919 1938 est
973 1874 1144 1957 prior
1200 1896 1415 1939 earum
1471 1873 1839 1952 formarum,
1901 1896 2054 1956 quas
2112 1878 2183 1937 ut
2237 1876 2603 1958 praesertim
2654 1897 2757 1938 ex-

412 1981 643 2047 coleret
703 1979 1194 2063 Aristophanem
1259 2001 1467 2045 versus
1532 2002 1674 2045 cum
1745 1981 2055 2045 enuntiati
2121 1982 2507 2047 coincidente
2576 1982 2759 2046 initio

410 2093 763 2172 permotum
828 2109 956 2152 esse
1021 2087 1217 2151 videri
1281 2087 1465 2151 modo
1530 2087 2121 2164 demonstraviinu8‚
2194 2111 2330 2152 eam
2396 2088 2563 2168 dice,
2633 2111 2760 2173 qua

410 2195 702 2260 enclitica
747 2195 862 2259 νύν
909 2194 1158 2259 tertiam
1206 2194 1462 2277 explens
1511 2195 1763 2259 brevem
1818 2194 2199 2279 bisyllabum
2244 2196 2527 2280 sequitur
2572 2218 2758 2261 voca-

411 2303 647 2367 bulum.
727 2302 829 2366 Sic
882 2302 1151 2386 legimus
1205 2302 1299 2364 ἴθι
1356 2324 1499 2365 νυνι
1564 2301 1924 2385 Equ.105;
1972 2300 2167 2386 Vesp.
2201 2303 2360 2378 343;
2425 2301 2570 2367 Pac.
2607 2304 2756 2383 550,

411 2412 561 2487 670,
596 2411 744 2488 706,
780 2410 929 2487 871,
964 2410 1121 2485 937;
1172 2407 1333 2472 Ran.
1369 2409 1527 2486 4943
1577 2408 1746 2472 Eccl.
1777 2410 1975 2485 1059;
2019 2409 2177 2491 φέρε
2209 2429 2353 2472 νυνι
2402 2408 2566 2493 Equ.
2599 2411 2755 2486 113;

409 2517 580 2582 Nub.
610 2518 766 2593 731;
804 2516 993 2600 Vesp.
1022 2518 1172 2596 848,
1207 2519 1357 2596 906,
1392 2518 1588 2596 1497;
1632 2516 1777 2601 LyS.
1814 2518 1972 2596 9163
2016 2516 2178 2582 Ran.
2206 2519 2364 2596 5023
2406 2518 2575 2583 Eccl.
2606 2520 2754 2598 725,

411 2626 568 2701 869;
620 2624 786 2687 Plut.
816 2625 965 2703 768,
1000 2625 1159 2702 964;
1209 2625 1324 2705 ἄγε
1356 2645 1498 2687 νυνι
1551 2623 1712 2707 Equ.
1747 2623 1945 2701 1011;
1995 2622 2166 2686 Nub.
2195 2624 2352 2698 4893
2388 2622 2575 2707 Vesp.
2605 2625 2756 2703 211,

414 2733 605 2807 1157,
660 2732 848 2808 1174,
903 2732 1101 2807 1264;
1168 2730 1311 2794 Pac.
1358 2730 1509 2807 851,
1572 2731 1771 2808 1056;
1837 2729 1981 2813 LyS.
2029 2731 2229 2805 12733
2293 2729 2549 2794 Thesm.
2595 2730 2754 2805 2133

407 2838 576 2902 Eccl.
599 2838 744 2916 149,
771 2838 929 2914 268;
964 2840 1068 2920 ἔχε
1093 2859 1237 2900 νυνι
1270 2837 1430 2920 EqU.
1453 2837 1775 2915 490,493,
1800 2837 1999 2913 1184;
2032 2837 2172 2918 λέγε
2195 2859 2340 2900 νυνι
2373 2836 2533 2920 EqU.
2554 2837 2753 2912 1028;

408 2943 580 3008 Nub.
622 2945 773 3020 141;
824 2943 1012 3026 Vesp.
1048 2946 1164 3022 30;
1231 2942 1347 3007 His
1403 2943 1553 3007 locis
1600 2965 1817 3008 vereor
1864 2944 2206 3027 adjungere
2252 2940 2399 3009 Pac.
2449 2966 2507 3007 V.
2543 2944 2669 3008 679
2719 2966 2757 3007 a

408 3051 683 3134 Bergkio
737 3050 1040 3133 scriptum
1087 3053 1172 3114 ἔτι
1219 3075 1333 3114 νυν
1380 3074 1488 3113 κτε
1544 3072 1660 3133 pro
1713 3050 2018 3115 librorum
2064 3051 2330 3115 lectione
2375 3053 2462 3114 ἔτι
2508 3057 2642 3129 νῦν,
2693 3054 2757 3115 et

405 3160 572 3244 quod
619 3158 1107 3242 Aristophanem
1162 3158 1549 3242 imperativis
1595 3161 1845 3221 tantum
1892 3156 2179 3221 voculam
2236 3181 2351 3220 νυν
2406 3157 2752 3241 adjungere

406 3266 708 3349 exemplis
771 3265 977 3330 allatis
1041 3266 1507 3329 demonstratur
1569 3285 1774 3347 neque
1838 3263 2140 3348 intellego
2204 3285 2316 3328 cur
2377 3264 2754 3347 scripturam

405 3373 581 3437 libris
627 3371 1067 3454 manuscriptis
1098 3371 1393 3435 traditam
1433 3376 1763 3435 mutemus,
1843 3368 2160 3434 Nimirum
2194 3370 2534 3435 solutiones
2564 3393 2754 3454 supra

405 3480 631 3544 citatae
688 3477 1070 3562 praesidium
1134 3476 1369 3541 habent
1428 3478 1494 3541 in
1558 3475 1851 3542 enclitica
1905 3477 2073 3541 vocis
2129 3476 2243 3540 νύν
2308 3480 2565 3557 natura,
2628 3501 2755 3562 qua

406 3587 658 3670 quidem
703 3584 896 3650 verba
940 3567 1031 3649 ita
1061 3585 1482 3663 continentur,
1529 3574 1601 3647 ut
1647 3606 1837 3648 unam
1877 3583 2271 3668 trisyllabam
2308 3605 2522 3648 vocem
2569 3583 2754 3667 plane

405 3696 694 3777 aequent.
774 3690 1066 3756 Ceterum
1113 3691 1268 3755 alias
1314 3712 1563 3775 quoque
1611 3690 1933 3755 encliticas
1965 3689 2378 3772 Aristophani
2426 3690 2587 3754 visas
2626 3712 2754 3755 esse

403 3799 869 3864 tribrachorum
923 3797 1211 3861 incisioni
1257 3799 1408 3861 satis
1454 3797 1677 3861 afferre
1738 3796 2153 3861 excusationis
2209 3797 2276 3860 hi
2331 3797 2453 3861 loci
2501 3798 2752 3863 docent:

406 3907 782 3991 Equ.1336
846 3907 965 3970 ὅσα
1026 3930 1137 3987 με;
1203 3904 1458 3970 Thesm.
1507 3907 1673 3971 1187
1738 3905 1899 3969 καλό
1958 3930 2055 3987 γες
2119 3905 2279 3969 Ran.
2326 3906 2515 3983 1261,
2584 3907 2750 3972 1197

404 4015 573 4077 πάνυ
634 4038 729 4096 γες
796 4014 940 4098 Lys.
992 4015 1118 4078 890
1167 4016 1325 4097 φέρε
1383 4038 1451 4077 σε
1500 4013 1842 4097 (φιλήσω);
1903 4015 2069 4078 idem
2116 4012 2367 4077 Thesm.
2418 4014 2546 4079 915
2594 4016 2753 4096 φέρε

407 4146 476 4184 σε
495 4119 734 4205 (κύσω)
798 4120 906 4185 ubi
970 4120 1250 4185 codicum
1312 4120 1623 4202 scriptura
1688 4121 1846 4201 φέρε
1906 4143 1975 4182 σε
2034 4119 2218 4181 κύσω
2284 4118 2470 4201 plane
2533 4125 2753 4185 contra

407 4227 725 4291 metricam
794 4229 1099 4294 rationem
1162 4230 1443 4291 mutatur
1505 4249 1541 4290 a
1599 4225 1950 4304 Dindorfi0,
2007 4225 2305 4309 Bergkio,
2355 4225 2624 4291 Velseno
2684 4229 2750 4292 in
