3250 5000
1410 1195 1597 1278 Pars
1661 1195 1933 1304 prima.

506 1416 600 1495 De
628 1416 1004 1496 tribrachis
1035 1424 1103 1496 et
1134 1417 1428 1517 dactylis
1462 1425 1619 1518 post
1652 1393 1952 1518 priorem
1985 1419 2176 1499 arsis
2207 1419 2552 1519 syllabam
2586 1419 2847 1501 incisis.

1515 1637 1833 1644 —————

1080 1811 1138 1878 Ῑ.
1196 1811 1298 1878 De
1344 1810 1743 1879 tribrachis
1789 1810 2003 1899 primi
2047 1811 2272 1899 pedis,

681 1971 964 2035 Primum
1013 1972 1283 2036 trimetri
1338 1973 1558 2056 pedem
1607 1972 1688 2036 ab
1736 1972 2028 2036 omnibus
2079 1973 2276 2054 poetis
2330 1973 2621 2038 liberiore
2668 1976 2852 2039 modo

504 2101 692 2162 quam
741 2083 977 2143 ceteros
1023 2083 1361 2143 tractatum
1411 2102 1539 2143 esse
1586 2079 1752 2144 inter
1797 2101 2010 2143 omnes
2057 2083 2302 2144 constat
2356 2102 2558 2163 neque
2606 2084 2697 2145 est
2743 2104 2853 2146 cur

504 2188 624 2250 hoo
670 2185 806 2250 loco
852 2187 1042 2250 latius
1074 2188 1512 2251 demonstrem.
1592 2186 1754 2262 Quid
1794 2186 2024 2250 mirum
2060 2186 2545 2268 Aristophanem
2580 2209 2852 2270 quoque,

504 2294 684 2358 illum
741 2316 1187 2379 usquequaque
1248 2294 1431 2357 metri
1486 2294 1799 2358 tractandi
1854 2293 2147 2358 libertate
2207 2294 2518 2377 insignem
2581 2298 2852 2378 poetam,

506 2403 746 2485 majore
800 2401 1055 2465 licentia
1114 2402 1180 2464 in
1236 2401 1423 2485 hujus
1479 2401 1651 2483 pedis
1697 2399 2111 2465 solutionibus
2157 2422 2337 2464 usum
2388 2422 2535 2465 esse.
2629 2399 2853 2483 Neque

507 2531 650 2572 vero
707 2509 873 2591 apud
929 2531 1073 2574 eum
1132 2508 1249 2572 hoc
1307 2509 1386 2572 ad
1440 2531 1770 2573 numerum
1827 2509 2211 2573 solutionum
2267 2509 2558 2591 pertinet,
2620 2509 2853 2593 quippe

504 2618 611 2701 qui
658 2616 723 2679 in
775 2617 891 2680 hoc
938 2616 1091 2698 pede
1138 2615 1392 2679 alterius
1439 2621 1501 2679 et
1548 2615 1759 2698 quarti
1813 2614 1985 2696 pedis
2033 2636 2292 2679 numero
2349 2614 2536 2698 longe
2591 2614 2853 2679 inferior

503 2724 604 2800 sit,
651 2723 756 2786 sed
789 2723 865 2785 ad
903 2722 1364 2786 tribrachorum
1408 2721 1717 2805 quaedam
1765 2742 2017 2804 genera,
2065 2743 2226 2805 quae
2275 2721 2588 2785 interdum
2630 2723 2767 2806 jam
2814 2745 2852 2785 a

504 2830 761 2912 tragicis
809 2833 1107 2912 usurpata
1160 2830 1225 2892 in
1272 2829 1715 2911 Aristophanis
1765 2829 2012 2892 demum
2071 2828 2302 2893 fabulis
2358 2832 2537 2892 tanto
2594 2850 2853 2892 numero

506 2940 859 3016 occurrunt,
909 2941 980 3001 u't
1025 2940 1194 3001 certo
1242 2937 1499 3000 oonsilio
1548 2936 1817 3000 admissa
1864 2938 1926 3000 et
1960 2935 2038 2999 ad
2076 2936 2278 3019 justas
2324 2936 2558 3000 formas
2603 2937 2855 3001 redacta

505 3066 633 3107 esse
696 3044 1046 3107 videantur.
1141 3041 1283 3106 Huc
1349 3042 1550 3106 refero
1619 3064 1720 3105 eas
1787 3040 2155 3120 solutioneS‚
2220 3042 2287 3105 in
2349 3042 2576 3126 quibus
2641 3065 2854 3108 vocem

504 3150 883 3235 bisyllabam
930 3149 1213 3233 sequitur
1260 3148 1549 3213 enclitiea
1593 3149 1708 3212 νύν
1756 3147 1857 3231 (ut
1902 3149 2061 3230 φέρε
2107 3173 2222 3211 νυν
2269 3149 2441 3228 ete.)‚
2491 3149 2657 3233 quod
2715 3150 2855 3232 plus

505 3243 835 3341 sexaginta
880 3256 1032 3321 loeis
1078 3258 1441 3339 reperimuS‚
1499 3259 1561 3320 et
1607 3277 1731 3334 eae,
1792 3277 1954 3339 quae
2005 3255 2170 3319 inter
2216 3255 2551 3320 articulum
2598 3260 2661 3320 et
2705 3257 2854 3319 sub-

505 3366 848 3428 stantivum
903 3364 1049 3444 μέν,
1112 3363 1209 3436 δέ,
1268 3363 1389 3444 γάρ
1455 3362 1796 3445 particulas
1856 3362 2167 3445 recipiunt
2222 3360 2321 3444 (ut
2379 3362 2453 3425 τὰ
2517 3363 2586 3425 δὲ
2643 3364 2854 3447 κρέα),

507 3492 773 3554 quarum
819 3470 973 3532 item
1020 3491 1315 3533 numerus
1374 3469 1542 3532 haud
1591 3469 1856 3552 exiguus
1903 3474 2014 3532 est.
2108 3470 2383 3545 Quorum
2436 3491 2739 3553 generum
2787 3473 2854 3535 in

506 3579 708 3661 primo
768 3576 924 3660 pede
990 3576 1260 3640 maxime
1318 3577 1693 3639 usitatorum
1758 3598 1900 3640 eum
1962 3577 2027 3639 in
2087 3576 2343 3661 reliquis
2405 3577 2664 3659 pedibus
2724 3577 2855 3642 fere

509 3684 682 3747 nulla
743 3687 958 3753 extent
1020 3683 1335 3766 exempla,
1396 3683 1659 3747 fortasse
1721 3704 1860 3747 meo
1919 3684 2065 3766 jure
2126 3705 2252 3747 non
2318 3687 2445 3746 tam
2510 3704 2585 3746 ex
2646 3705 2856 3747 versus

423 3798 435 3811 “
507 3792 729 3858 comici
783 3791 1077 3857 liberiore
1133 3793 1433 3876 rhythmo
1481 3814 1672 3876 quam
1730 3813 1808 3856 ex
1865 3791 2176 3856 enuntiati
2231 3790 2412 3865 initio
2464 3791 2675 3854 derivo
2732 3791 2858 3855 ori-

508 3901 720 3983 ginem
777 3922 1012 3980 eorum,
1073 3900 1240 3983 quod
1288 3904 1357 3963 ut
1403 3921 1545 3964 eum
1606 3921 1819 3964 versus
1880 3899 2062 3964 initio
2121 3898 2409 3963 concidat
2468 3896 2857 3980 plerumque,

508 4012 734 4072 natura
795 4007 940 4073 fert.
1034 4007 1286 4071 Etenim
1350 4029 1493 4071 cum
1553 4008 1620 4071 in
1680 4007 1929 4090 vulgari
1989 4027 2303 4083 sermone,
2368 4026 2554 4087 quem
2612 4004 2858 4068 Aristo-

508 4116 792 4198 phaneae
839 4115 1092 4180 fabulae
1139 4116 1410 4180 maxime
1448 4115 1721 4197 sapiunt,
1767 4115 2125 4196 saepissime
2171 4112 2423 4175 initium
2471 4110 2679 4193 capiat
2716 4133 2858 4174 sen-

509 4223 740 4289 tentiae
802 4222 1069 4289 elocutio
1126 4223 1218 4288 2390
1273 4247 1387 4288 νυν
1446 4222 1540 4286 vel
1601 4224 1760 4307 φέρε
1816 4246 1949 4301 νυν,
2008 4220 2168 4284 aliae
2229 4219 2550 4303 ejusmodi,
2613 4218 2857 4283 Aristo-
