3250 5000
1343 302 1788 366 -17-

389 497 532 581 Lys.
568 499 648 561 31
694 498 760 560 ἓν
792 503 925 568 ταῖς
958 499 1263 579 γυναιξίν;
1315 499 1411 561 ἐπ’
1448 498 1672 579 ὂλίγῳς
1722 497 1883 561 Ran.
1922 498 2089 562 1407
2135 499 2352 580 ἔμοιγε
2382 497 2521 561 κατ’
2556 499 2739 572 ἔποςς

390 603 556 667 Plut.
595 605 721 668 628
772 605 1005 688 ἄνδρες
1045 603 1143 667 ἐπ’
1180 605 1536 687 ὂλιγίστοιςς
1586 604 1840 668 Thesm.
1879 605 2048 669 1183
2094 605 2428 687 πρότεινον
2467 603 2545 669 ἵν’
2578 606 2741 670 ὕπο-

388 711 610 789 λύσω;’
660 711 822 775 Ach.
857 713 941 776 45
990 712 1115 794 ἤδη
1164 736 1253 782 τις
1300 710 1459 775 εἷπε·
1510 712 1599 781 τίς
1644 711 1976 793 ἀγορεύειν
2021 712 2344 793 βούλεταις
2409 711 2579 775 Plut.
2614 713 2740 775 842

388 817 458 881 τὸ
520 819 861 902 τριβώνιον
928 819 997 882 δὲ
1058 820 1117 881 τί
1175 819 1462 895 ὁύναταις
1513 818 1703 901 Vesp.
1748 820 1874 882 905
1939 819 2194 893 κάθιζε·
2245 818 2322 883 σὺ
2376 820 2432 883 δ’
2467 820 2741 902 ἅναβάς;

389 925 644 989 Thesm.
681 928 808 990 740
850 925 1064 1009 (δῆτα)
1115 925 1191 990 σὺ
1243 927 1299 989 δ’
1334 926 1695 1009 ἀπόκριναι,
1749 927 1877 991 764
1907 926 2288 1009 πρυτάνεσιν
2320 929 2360 989 ἃ
2394 928 2740 1008 πεποίηκα,

391 1033 518 1095 929
574 1038 947 1114 πανοῦργος
1010 1034 1084 1095 ὃν
1146 1033 1346 1114 ἔλεγες
1417 1032 1583 1098 Plut.
1629 1033 1755 1095 811
1816 1031 2109 1113 γέμουσι,
2172 1031 2243 1094 τὸ
2310 1029 2367 1095 δ’
2418 1033 2740 1115 ὑπερῷον.

392 1138 534 1202 Huc
570 1140 851 1203 'referam
885 1139 1073 1222 Vesp.
1108 1162 1165 1204 v,
1206 1140 1374 1204 1400
1416 1140 1710 1222 χαρίεντα
1740 1138 1834 1220 μὰ
1870 1138 1985 1202 Δία
2033 1142 2096 1203 et
2126 1138 2297 1203 Pluti
2336 1161 2583 1203 versum
2613 1140 2745 1203 484

392 1245 463 1307 δέ
511 1243 619 1308 δύ’
655 1246 1157 1329 ἀποχρήσουσιν,
1216 1248 1323 1311 ubi
1370 1246 1652 1331 syllabae
1706 1247 1938 1329 longae
1996 1245 2132 1311 loco
2185 1247 2424 1329 positae
2470 1244 2745 1310 elisionis

390 1352 450 1415 vi
500 1353 923 1418 continentur.
1016 1352 1092 1416 In
1142 1351 1238 1416 his
1281 1354 1570 1417 omnibus
1617 1352 1898 1416 versibus
1931 1374 1968 1415 a
1998 1352 2185 1416 tertio
2233 1351 2537 1416 tribrachi
2581 1355 2743 1416 tem-

389 1480 542 1541 pore
603 1459 853 1543 longius
910 1462 1111 1525 oritur
1171 1460 1567 1525 vocabulum.
1663 1459 1948 1524 Alteram
2005 1463 2069 1523 et
2125 1459 2377 1524 tertiam
2438 1458 2743 1523 tribrachi

387 1565 699 1650 syllabam
775 1567 1042 1650 singulis
1119 1568 1325 1632 verbis
1390 1566 1850 1652 monosyllabis
1927 1588 2278 1649 expressam
2362 1567 2741 1631 invenimus:

388 1671 533 1755 Lys.
570 1675 697 1738 873
748 1675 972 1755 δεῦρο·
1019 1674 1114 1756 μὰ
1163 1674 1287 1753 Δί’,
1336 1674 1589 1739 Thesm.
1627 1675 1755 1738 748
1804 1672 1959 1736 αὐτὸ
2006 1673 2098 1755 μὰ
2146 1674 2284 1750 τόν;
2333 1673 2478 1758 Lys.
2523 1696 2578 1737 v.
2615 1674 2742 1737 938

391 1804 478 1852 σε,
525 1779 618 1861 μὰ
667 1780 796 1858 τόν,
862 1780 1089 1864 quibus
1148 1780 1300 1845 locis
1362 1780 1826 1865 monosyllabas
1882 1802 2061 1844 voces
2124 1780 2288 1844 inter
2347 1803 2411 1844 se
2474 1782 2745 1845 maxime

385 1885 639 1968 junctas
687 1909 830 1950 cum
875 1888 1281 1971 sequentibus
1327 1910 1452 1951 non
1499 1887 1708 1951 minus
1741 1887 2208 1971 conjungendas
2240 1909 2369 1952 esse
2417 1888 2571 1969 (sive
2604 1909 2744 1951 sen-

392 1994 592 2058 tentia
637 1994 766 2057 sive
813 1994 1095 2075 elisione)
1142 1995 1356 2060 statim
1413 1994 1859 2077 intellegimus,
1953 1994 2428 2079 Monosyllabae
2477 1994 2745 2058 alterum

391 2106 453 2165 et
497 2101 770 2191 tertium.
800 2105 1045 2185 tempus
1078 2102 1396 2184 explentes
1429 2106 1618 2186 atque
1650 2103 1841 2166 etiam
1881 2102 2047 2165 inter
2077 2123 2142 2166 se
2174 2102 2564 2184 conjunctae,
2601 2123 2743 2164 cum

391 2208 590 2273 altera
644 2210 898 2285 tertiae,
955 2209 1144 2273 tertia
1202 2209 1384 2273 alteri
1441 2209 1710 2273 maxime
1767 2210 2155 2273 adnectenda
2208 2208 2316 2286 sit,
2375 2212 2738 2273 occurrunt:

390 2315 556 2398 Equ.
591 2317 720 2379 224
768 2314 960 2379 αὐτὸν
991 2316 1032 2380 ὅ
1060 2341 1152 2394 τες
1202 2315 1373 2381 Nub.
1410 2318 1493 2381 39
1534 2314 1607 2378 τὰ
1645 2316 1742 2390 ὗες
1795 2315 1985 2398 Vesp.
2021 2317 2147 2380 793
2195 2316 2231 2378 ὃ
2266 2315 2364 2390 ὂές
2417 2316 2533 2378 Av.
2575 2316 2741 2378 1309

395 2421 472 2486 σὺ
523 2423 611 2498 δέ,
669 2424 836 2486 1390
885 2422 960 2486 σὺ
1006 2424 1154 2505 μέν;
1206 2421 1353 2489 Pac.
1389 2425 1516 2488 546
1566 2424 1602 2487 ὁ
1637 2423 1727 2503 δέ,
1778 2425 1904 2488 255
1953 2424 2012 2486 τί
2037 2447 2153 2506 με;
2203 2422 2370 2487 Plut.
2410 2423 2531 2487 157
2583 2423 2619 2485 oe
2653 2423 2744 2499 δέ,

397 2532 524 2595 722
573 2532 610 2594 ὁ
659 2531 748 2609 δέ,
812 2532 978 2596 1179
1029 2532 1065 2595 ὁ
1111 2532 1248 2612 μέν.

573 2635 798 2721 Neque
862 2637 1269 2702 offensionem
1331 2638 1592 2720 praebet
1652 2637 1832 2702 nobis
1895 2638 2190 2722 vulgatae
2251 2638 2435 2701 lectio
2495 2637 2562 2700 in
2623 2635 2744 2700 Av.

394 2767 453 2809 v.
494 2746 623 2808 994
680 2745 768 2814 τίς
823 2745 859 2806 ὁ
916 2744 1266 2826 κόθορνος,
1329 2745 1436 2809 ubi
1486 2745 1644 2809 duae
1707 2744 2177 2828 monosyllabae
2232 2743 2542 2809 sententia
2602 2765 2743 2807 cum

394 2852 694 2935 proximis
740 2851 1046 2914 artissime
1083 2851 1563 2935 conjungendae
1600 2855 1766 2930 sunt,
1818 2855 1887 2913 ut
1917 2850 2145 2915 solutio
2183 2851 2443 2928 oriatur,
2491 2848 2744 2932 qualem

397 2958 661 3042 legimus
693 2958 759 3021 in
790 2959 995 3041 primo
1027 2980 1276 3042 quoque
1307 2958 1463 3041 pede
1492 2980 1784 3023 versuum
1813 2957 2003 3041 Vesp.
2037 2957 2227 3036 1501,
2264 2956 2515 3039 Fragm.
2545 2958 2672 3021 505
2687 2979 2743 3019 a.

573 3064 748 3140 Quod
782 3087 974 3147 supra
1018 3065 1452 3142 indicavimuS,
1500 3065 1566 3129 in
1599 3064 1790 3149 hujus
1826 3065 1999 3147 pedis
2029 3064 2369 3129 solutiones
2401 3064 2741 3146 plurimum

395 3172 730 3236 contulisse
763 3193 1084 3235 caesuram
1115 3171 1652 3255 semiquinariam,
1694 3193 1883 3255 quam
1916 3175 2165 3250 vocant,
2214 3172 2334 3235 hac
2364 3172 2507 3235 sede
2538 3170 2742 3235 locum

393 3301 574 3343 suum
633 3279 991 3358 habentem,
1048 3301 1262 3344 omnes
1309 3301 1464 3363 quos
1510 3278 1716 3343 adhuc
1774 3279 2101 3342 attulimus
2154 3278 2275 3342 loci
2322 3279 2474 3341 satis
2527 3298 2744 3360 super-

335 3427 345 3444 .
392 3408 515 3469 que
575 3386 942 3464 ostendunt,
1004 3385 1068 3449 in
1132 3384 1360 3468 quibus
1421 3385 1856 3469 monosyllaba
1911 3388 2082 3449 arcte
2143 3384 2498 3467 insequenti
2553 3385 2745 3448 verbo

392 3491 687 3558 socianda
731 3495 831 3557 sit.
926 3493 1150 3576 Itaque
1200 3514 1359 3577 quae
1414 3514 1525 3575 per
1570 3497 1826 3557 cunctas
1879 3491 2314 3574 Aristophanis
2371 3489 2621 3555 fabulas
2678 3490 2743 3553 in

393 3599 635 3663 duobus
690 3600 969 3665 versibus
1025 3600 1206 3663 nobis
1265 3600 1649 3682 praebentur
1709 3600 1858 3664 huic
1918 3598 2337 3662 observationi
2400 3598 2746 3662 officientes

391 3706 749 3785 solutioneS,
802 3728 904 3771 eas
949 3727 1201 3788 quoquo
1252 3706 1436 3769 modo
1483 3726 1804 3769 removere
1851 3725 1977 3767 non
2025 3703 2383 3768 dubitamus
2438 3703 2627 3786 idque
2674 3724 2746 3766 eo

393 3812 710 3891 libentiuS,
744 3834 886 3876 cum
918 3810 1383 3875 tribrachorum
1417 3812 1586 3875 tertii
1628 3810 1801 3894 pedis
1831 3808 2306 3874 similitudinem
2346 3830 2746 3893 assequamur

395 3940 536 3983 cum
594 3919 779 4001 hujus
834 3919 1008 4001 pedis
1056 3917 1340 4002 dactylis,
1402 3939 1670 4001 quorum
1719 3920 1782 3982 et
1836 3917 2115 3999 ipsorum
2162 3920 2410 3980 nostrae
2455 3937 2746 3981 caesurae

394 4028 818 4108 repugnantia
864 4024 1236 4109 paucissima
1269 4024 1555 4107 exempla
1587 4023 1975 4088 emendanda
2008 4046 2134 4087 esse
2166 4022 2335 4087 infra
2367 4023 2742 4088 docebimus,

398 4134 490 4198 Ac
556 4134 824 4215 primum
893 4134 1144 4217 quidem
1206 4133 1557 4196 accuratius
1622 4131 2075 4215 perquirendus
2131 4136 2223 4195 est
2277 4132 2396 4196 Av.
2455 4153 2512 4194 v.
2554 4132 2745 4207 1588,

395 4261 581 4323 quem
651 4260 902 4322 prorsus
967 4239 1266 4322 ἀμέτρως
1331 4238 1598 4322 legimus
1662 4239 1730 4302 in
1794 4239 2141 4317 codicibuS,
2208 4259 2349 4302 cum
2415 4238 2747 4302 Ravennas

1148 4339 1155 4348 x
2392 4348 2427 4399 2
