3250 5000
1285 1432 1848 1531 Praefatio,

572 1688 885 1753 Trimetro
915 1689 1194 1773 jambico
1225 1692 1464 1753 veteres
1494 1692 1709 1772 poetas
1742 1709 1999 1772 graecos
2030 1692 2279 1771 praeter
2309 1687 2742 1753 hexametrum

394 1797 670 1861 maximo
718 1818 928 1861 amore
973 1819 1114 1861 usos
1161 1819 1290 1860 esse
1336 1790 1501 1860 inter
1547 1818 1763 1860 omnes
1809 1799 2073 1860 constat.
2168 1794 2287 1860 Sed
2334 1796 2465 1879 ipse
2497 1794 2741 1862 Arche-

394 1903 640 1983 lochUS‚
699 1905 808 1987 qui
872 1925 1014 1968 eum
1072 1904 1382 1968 invenisse
1437 1904 1736 1983 traditur,
1797 1902 2117 1967 licentiam
2176 1902 2294 1967 sibi
2356 1903 2618 1967 indulsit
2675 1905 2742 1967 in

396 2010 655 2093 pedibus
700 2010 1011 2074 solvendis
1056 2012 1137 2074 ab
1191 2011 1556 2075 hexametro
1610 2009 1797 2092 plane
1843 2009 2134 2086 alienam,
2184 2013 2256 2073 ut
2312 2009 2567 2092 longam
2616 2010 2742 2094 syl-

396 2116 609 2181 labam
653 2117 782 2181 ictu
828 2139 1184 2200 percussam
1230 2119 1297 2180 in
1334 2118 1487 2181 duas
1533 2117 1751 2181 breves
1784 2116 2071 2181 solveret.
2155 2116 2364 2200 Atque
2408 2117 2572 2196 inde,
2619 2140 2745 2202 quo

396 2224 583 2288 latius
628 2224 1104 2308 propagabatur
1144 2224 1331 2308 hujus
1371 2224 1554 2289 metri
1586 2246 1750 2304 usuS‚
1801 2246 1872 2287 eo
1905 2223 2162 2287 liberius
2202 2228 2423 2307 poetae
2455 2245 2745 2287 numeros

395 2331 784 2407 tractabant,
817 2353 890 2395 ac
954 2331 1318 2413 praesertim
1385 2331 1451 2394 in
1518 2331 1724 2415 longis
1787 2331 2193 2396 dissolvendis
2259 2331 2562 2415 majorem
2626 2332 2744 2396 sibi

395 2442 794 2521 sumpserunt
838 2436 1218 2503 libertatem.
1312 2438 1490 2515 Quod
1536 2438 1786 2523 quidem
1836 2437 2325 2504 luculentissime
2371 2441 2632 2523 apparet
2670 2459 2746 2500 ex

397 2547 781 2628 tragicorum
815 2546 1002 2630 hujus
1033 2568 1245 2611 versus
1272 2546 1586 2611 tractandi
1618 2546 1880 2610 ratione.
1951 2546 2204 2610 Etenim
2230 2569 2372 2611 cum
2399 2545 2747 2630 Aeschylus

398 2652 670 2716 severius
715 2652 923 2718 adhuc
967 2653 1135 2718 intra
1180 2654 1483 2736 pristinae
1529 2652 1682 2716 artis
1726 2653 1884 2717 fines
1924 2676 1987 2717 se
2019 2654 2356 2731 contineat,
2405 2652 2747 2737 Sophocles

397 2761 766 2842 praesertim
821 2760 891 2825 in
935 2760 1166 2824 fabulis
1214 2765 1492 2825 extrema
1538 2763 1746 2825 aetate
1793 2759 2092 2824 confectis
2140 2762 2324 2825 metri
2371 2760 2745 2825 securiorem

397 2888 462 2931 se
508 2867 767 2948 praebet
812 2871 1002 2952 atque
1034 2868 1364 2951 Euripides
1410 2869 1474 2931 in
1523 2867 1762 2931 ultimis
1808 2866 2040 2931 fabulis
2087 2867 2274 2950 plane
2320 2890 2513 2932 novas
2560 2871 2748 2951 atque

399 2974 712 3039 inauditas
766 2973 1104 3040 solutiones
1158 2976 1437 3040 versibus
1490 2975 1778 3039 intrudit.
1872 2973 2187 3038 Maximus
2248 2978 2458 3039 autem
2519 2974 2746 3058 pedum

399 3080 742 3145 solutorum
800 3103 1095 3145 numerus
1142 3082 1415 3146 occurrit
1467 3082 1532 3144 in
1591 3082 1969 3147 comicorum
2030 3083 2348 3162 trimetriS‚
2408 3082 2516 3167 qui
2573 3084 2751 3144 tanta

400 3188 692 3252 libertate
738 3210 950 3253 versus
996 3190 1368 3268 condebant,
1423 3193 1495 3252 ut
1541 3190 1820 3272 genuina
1875 3191 2148 3255 trimetri
2204 3191 2409 3255 forma
2454 3212 2750 3254 nonnun-

402 3319 592 3380 quam
665 3317 916 3378 prorsus
984 3299 1397 3361 evanesceret.
1512 3295 1662 3362 Sine
1731 3297 1920 3360 dubio
1990 3297 2123 3381 ejus
2192 3297 2282 3361 rei
2352 3319 2539 3361 causa
2608 3297 2751 3361 inde

402 3404 738 3485 repetenda
784 3407 897 3481 est,
944 3403 1110 3487 quod
1156 3403 1372 3468 comici
1422 3407 1643 3487 poetae
1675 3404 1921 3488 vulgari
1966 3426 2252 3469 sermone
2293 3404 2540 3469 fabulas
2581 3426 2752 3468 com-

403 3513 746 3592 posuerunt
804 3514 991 3594 atque
1048 3511 1125 3574 ad
1188 3510 1533 3574 communis
1589 3511 1755 3576 vitae
1816 3533 2165 3576 sermonem
2225 3533 2415 3595 quam
2482 3510 2751 3574 maxime

404 3617 885 3701 adaequandum
940 3639 1152 3682 omnes
1207 3619 1493 3702 quamvis
1550 3618 1886 3683 insolentes
1949 3618 2288 3683 solutiones
2346 3619 2749 3683 admiserunt.

404 3722 629 3808 Neque
674 3748 821 3790 vero
867 3747 1063 3809 usque
1111 3748 1184 3790 eo
1230 3725 1466 3791 comica
1519 3725 1776 3790 licentia
1822 3726 2151 3790 meliorum
2201 3729 2366 3790 certe
2424 3729 2750 3808 poetarum

405 3853 732 3916 progressa
766 3835 876 3912 est,
910 3837 980 3896 ut
1009 3855 1222 3897 omnes
1253 3832 1538 3917 rhythmi
1570 3832 1743 3915 leges
1773 3831 2282 3915 neglegerentur,
2316 3832 2511 3895 immo
2543 3852 2753 3895 versus

406 3938 820 4005 solutionibus
865 3943 1170 4004 scatentes
1215 3939 1449 4023 ubique
1494 3939 1852 4003 testimonio
1883 3941 2051 4017 sunt,
2100 3939 2165 4002 in
2212 3937 2489 4001 maxima
2532 3960 2754 4002 nume-

408 4069 619 4111 rorum
689 4047 978 4113 libertate
1045 4069 1290 4129 semper
1352 4046 1618 4112 valuisse
1684 4047 1984 4132 quasdam
2054 4044 2495 4110 concinnitatis
2565 4044 2752 4129 legeS‚

409 4176 562 4238 quas
609 4155 841 4219 violare
895 4154 1014 4219 nisi
1063 4155 1249 4220 certis
1296 4153 1765 4219 condicionibus
1822 4176 1900 4218 ne
1957 4153 2156 4236 poetis
2207 4151 2458 4236 quidem
2506 4153 2756 4218 comicis

411 4283 688 4344 unquam
729 4260 926 4326 licuit.
1006 4261 1181 4337 Quod
1215 4261 1450 4345 optime
1494 4261 1868 4344 perspicitur
1908 4283 1985 4325 ex
2017 4258 2458 4341 Aristophanis
2505 4259 2755 4324 fabulis,

2367 4367 2436 4420 l*
