3250 5000
1407 288 1847 354 -14...

457 486 683 553 sidium
742 487 924 554 nobis
983 487 1408 570 quaerendum
1468 486 1570 552 sit.
1663 487 1894 571 Agitur
1954 487 2028 552 de
2084 485 2246 571 Equ.
2303 509 2362 553 v,
2402 486 2569 553 1041
2632 484 2802 550 ταῦτ’

460 595 629 660 οἷσθ’
664 596 704 659 ὅ
747 621 800 660 τι
845 597 1035 677 λέγεις
1084 595 1245 660 Ran.
1280 597 1408 660 556
1457 595 1578 658 οὐκ
1627 593 1799 658 οἷσθ’
1833 594 1874 658 ὅ
1916 619 1970 658 τι
2016 595 2242 676 Mysas-3
2300 594 2469 660 Eccl.
2504 595 2632 659 989
2682 595 2803 658 οὒκ

461 702 581 768 οἷδ’
630 704 669 766 ὅ
729 727 783 766 τι
836 703 1048 785 λέγεις.
1145 702 1338 767 Porro
1400 701 1475 765 de
1531 701 1677 786 LyS.
1736 724 1793 766 v.
1829 703 1911 765 52
1975 703 2121 784 μήτ’
2172 701 2408 766 ἀσπίδα
2469 703 2683 786 λαβεῖν
2745 709 2808 765 et

459 807 631 874 Nub.
682 832 739 873 v.
773 809 905 873 884
958 810 1031 879 ὃς
1084 807 1312 872 τᾶδικα
1367 807 1574 889 λέγων
1638 811 1702 872 et
1758 808 1833 873 de
1891 808 2216 892 praeconis
2273 808 2516 874 solenni
2575 809 2806 874 adhor-

459 917 725 983 tatione:
774 916 1038 980 ἆκούετε
1068 916 1219 997 λεῴ,
1255 937 1419 999 (11133
1448 914 1685 1001 legitur
1714 914 1877 980 Ach.
1909 916 2112 992 1000;
2152 915 2300 981 Pac.
2328 918 2486 994 5513
2529 916 2648 982 Av,
2675 917 2805 981 448

460 1046 616 1107 quos
660 1044 873 1088 versus
919 1022 1244 1107 Engerum
1298 1021 1488 1105 plane
1533 1022 1986 1107 supterfugisse
2041 1023 2312 1087 maxime
2365 1022 2577 1087 miror.
2670 1023 2806 1087 Etsi

461 1130 751 1208 concede,
806 1129 870 1193 in
918 1128 1044 1194 illis
1090 1128 1311 1208 tribus,
1360 1150 1515 1213 quos
1570 1128 1775 1212 primo
1831 1127 1970 1193 loco
2016 1127 2222 1207 attuli,
2278 1149 2624 1213 pronomen
2672 1129 2712 1191 ὅ
2755 1153 2809 1192 τι

461 1241 631 1303 arcte
684 1237 985 1321 conjungi
1032 1259 1174 1301 cum
1228 1236 1595 1320 insequente
1652 1235 1845 1301 verbo
1892 1240 1954 1300 et
2008 1236 2319 1301 sententia
2371 1240 2435 1301 et
2487 1255 2808 1320 gramma-

461 1345 587 1410 tica
653 1345 927 1422 ratione,
997 1347 1212 1408 tamen
1279 1366 1482 1427 neque
1549 1342 1852 1426 intellego
1922 1365 2034 1407 cur
2101 1343 2403 1426 ejusmodi
2469 1342 2810 1408 solutiones

462 1452 824 1535 ceteroquin
870 1451 951 1515 ab
998 1449 1424 1533 Aristophane
1478 1449 1667 1535 plane
1712 1450 1947 1514 vitatae
1992 1450 2119 1513 sint
2172 1453 2234 1514 et
2279 1471 2435 1533 (11103
2488 1453 2811 1534 praeterea

462 1581 590 1623 una
635 1557 819 1623 attuli
863 1580 1097 1636 versus,
1155 1557 1308 1622 adeo
1356 1557 1703 1623 abhorrent
1758 1558 1841 1622 ab
1888 1555 2351 1639 Aristophaneo
2398 1578 2512 1621 usu
2568 1562 2641 1621 ut
2686 1556 2809 1620 alio

462 1685 588 1748 quo
636 1665 819 1728 modo
867 1664 1099 1729 nodum
1145 1663 1384 1729 solvere
1431 1684 1756 1746 cogamur.
1851 1662 1945 1727 Ac
1994 1663 2151 1727 mihi
2197 1663 2449 1747 quidem
2503 1685 2632 1727 non
2678 1663 2809 1730 for-

463 1771 626 1836 tuito
672 1771 910 1834 factum
958 1771 1221 1849 videtur,
1281 1775 1353 1835 ut
1398 1771 1690 1835 omnibus
1746 1769 1845 1834 his
1900 1770 2052 1835 locis
2098 1771 2298 1836 altera
2342 1775 2406 1835 et
2452 1769 2639 1835 tertia
2682 1771 2811 1855 syl-

463 1877 611 1943 laba
655 1878 690 1940 λ
737 1899 1010 1943 consona
1064 1879 1556 1963 conjungantur.
1652 1876 1858 1961 Hujus
1913 1880 2080 1944 enim
2135 1877 2383 1943 litterae
2439 1878 2812 1960 pronuntia·

464 1985 635 2050 tione
690 2006 794 2048 eas
847 1983 1122 2068 syllabas
1178 1985 1376 2050 artius
1437 1985 1738 2070 conjungi
1794 1989 1857 2050 et
1910 1985 2090 2069 quasi
2149 1985 2217 2049 in
2275 2007 2468 2049 unam
2522 1982 2812 2050 contrahi

463 2091 778 2156 neminem
823 2090 1050 2175 fugiat,
1099 2114 1293 2174 quare
1339 2092 1508 2157 haud
1554 2093 1682 2157 scio
1714 2116 1794 2157 an
1842 2094 2028 2159 metri
2073 2093 2248 2158 labes
2292 2094 2357 2156 in
2406 2092 2503 2156 his
2534 2092 2813 2157 versibus

463 2198 794 2263 statuenda
837 2197 1014 2262 nulla
1058 2199 1158 2262 sit.

644 2305 826 2381 Quae'
860 2304 1199 2370 solutiones
1244 2305 1342 2369 his
1390 2307 1864 2372 excusationum
1910 2308 2076 2371 ansis
2119 2305 2451 2372 destitutae
2496 2309 2662 2384 sunt,
2710 2327 2814 2370 eas

468 2412 902 2478 emendatione
957 2432 1141 2496 egere
1202 2412 1490 2496 equidem
1551 2434 1792 2477 censeo,
1884 2413 1980 2478 Ac
2038 2413 2314 2496 primum
2368 2412 2621 2495 quidem
2677 2433 2813 2476 om-

466 2521 651 2587 nibus
681 2520 1054 2606 rhythmicis
1100 2520 1344 2605 legibus
1374 2525 1692 2605 repugnat
1722 2522 1975 2587 initium
2007 2522 2151 2606 Lys.
2194 2544 2252 2585 v.
2288 2522 2373 2585 24
2404 2521 2718 2586 codicibus
2750 2519 2816 2584 N

468 2633 530 2693 et
574 2629 633 2694 R
676 2629 762 2693 sic
809 2629 1141 2693 traditum:
1203 2628 1312 2691 καὶ
1369 2627 1444 2710 νὴ
1496 2629 1610 2691 Δία
1668 2629 1860 2711 παχύ.
1924 2628 2068 2693 εἶτα.
2148 2629 2515 2714 Blaydesius
2560 2628 2814 2712 quidem

469 2757 606 2801 eam
651 2735 1028 2818 scripturam
1075 2738 1147 2799 ut
1190 2733 1543 2818 legitimam
1589 2734 1655 2798 in
1704 2739 1947 2800 textum
1993 2735 2231 2818 recepit
2274 2739 2464 2819 atque
2508 2736 2574 2799 in
2615 2757 2815 2800 anno-

468 2842 704 2907 tatione
759 2841 977 2905 critica
1023 2840 1098 2904 ad
1154 2838 1325 2904 hunc
1380 2861 1626 2903 versum
1686 2840 2152 2905 excusationem
2213 2841 2342 2923 peti
2395 2863 2574 2924 posse
2633 2845 2817 2926 putat

478 2971 591 3028 „ex
657 2970 728 3013 eo
793 2948 958 3032 quod
1024 2947 1257 3029 raptim
1323 2946 1478 3010 haec
1545 2947 2098 3029 pronuntiantur“.
2205 2946 2605 3030 Quamquam
2669 2970 2816 3012 vero

470 3054 801 3121 accelerari
845 3054 1177 3119 verborum
1226 3053 1808 3136 pronuntiationem
1857 3053 2144 3137 equidem
2191 3075 2318 3119 non
2364 3076 2548 3138 nege,
2603 3059 2815 3119 tamen

471 3186 545 3230 ea
600 3162 789 3227 talem
836 3160 1211 3225 solutionem
1257 3160 1538 3225 excusari
1593 3160 1852 3224 minime
1899 3160 2101 3240 crede,
2159 3182 2300 3225 cum
2356 3161 2547 3225 verba
2594 3160 2707 3223 Δία
2756 3165 2819 3226 et

470 3269 643 3352 παχύ
690 3268 866 3332 1111110
912 3267 1258 3332 sententiae
1304 3266 1554 3331 vinculo
1602 3267 1833 3331 artiore
1878 3267 2045 3331 inter
2088 3289 2152 3331 se
2185 3267 2625 3351 conjungenda
2669 3268 2815 3346 sint,

470 3378 532 3441 id
588 3375 754 3459 quod
802 3373 1164 3458 ceteroquin
1219 3373 1285 3438 in
1340 3373 1572 3437 talibus
1631 3373 2046 3437 solutionibus
2100 3373 2179 3437 ab
2226 3373 2649 3458 Aristophane
2704 3376 2818 3438 ob-

472 3487 786 3548 servatum
834 3502 962 3545 esse
1007 3481 1235 3544 iterum
1276 3484 1464 3564 atque
1510 3479 1737 3544 iterum
1771 3480 2197 3545 demonstrare
2244 3485 2479 3564 potero.
2571 3481 2820 3546 Primus

475 3590 659 3673 hujus
704 3610 915 3654 versus
971 3609 1259 3652 numeros
1307 3586 1669 3651 Dindorfius
1729 3586 2027 3651 horrebat
2072 3591 2134 3651 et
2187 3587 2255 3652 in
2309 3588 2819 3653 annotationibus

473 3696 930 3762 Oxoniensibus
976 3717 1037 3777 p.
1074 3696 1222 3773 758,
1271 3716 1398 3778 qua
1444 3694 1644 3758 utitur
1690 3716 2147 3777 nonnunquam
2191 3695 2258 3759 in
2297 3696 2576 3760 versibus
2607 3718 2819 3761 emen-

476 3803 693 3867 dandis
762 3800 1051 3878 audacia‚
1122 3822 1233 3883 per
1301 3801 1793 3865 contractionem
1861 3822 2113 3884 prorsus
2177 3801 2564 3886 singularem
2631 3803 2820 3868 scribi

468 3909 651 3993 jubet
697 3909 805 3972 καὶ
850 3907 926 3990 νὴ
972 3907 1047 3970 Δὶ
1090 3907 1282 3989 παχύ.
1330 3907 1615 3971 κᾶπειτα.
1694 3908 1981 3973 Rectiore
2020 3909 2278 3992 judicie,
2324 3910 2376 3973 si
2423 3909 2573 3992 quid
2619 3909 2819 3989 vidae,

476 4016 827 4081 Meinekius
883 4014 1104 4079 vitium
1165 4015 1233 4077 in
1287 4035 1436 4078 voce
1491 4015 1603 4077 καί
1654 4016 1983 4097 quaesivit,
2039 4037 2201 4098 quae
2255 4038 2447 4098 quam
2506 4015 2690 4080 facile
2745 4038 2821 4081 ex

475 4126 684 4209 priore
732 4145 912 4188 versu
968 4123 1035 4186 in
1093 4123 1262 4187 hunc
1306 4122 1636 4186 transferri
1689 4123 1983 4206 potuerit,
2042 4122 2226 4187 facile
2272 4121 2586 4206 intellegis
2632 4127 2821 4207 atque

479 4254 544 4296 re
590 4253 738 4296 vera
785 4253 822 4294 3
867 4233 1046 4312 parte
1081 4229 1362 4293 codicum
1394 4229 1728 4293 omittitur.
1806 4229 2028 4312 Itaque
2071 4251 2260 4312 quam
2306 4229 2372 4292 in
2409 4229 2820 4294 vindiciarum
