3250 5000
1371 317 1636 379 —33
1727 326 1846 362 —'

1049 537 1053 541 ¹
1086 550 1215 620 IX.
1274 552 1376 620 De
1424 552 2097 639 proceleusmatico,

493 696 499 701 ’
594 703 691 767 Ex
754 703 944 788 longo
1003 708 1285 787 tempore
1349 684 1633 771 homines
1695 706 1783 770 rei
1843 706 2142 771 metricae
2198 706 2386 790 periti
2434 711 2768 791 quaerunt,

415 832 566 872 num
601 810 1073 894 AristophaneS‚
1106 834 1231 895 qua
1265 816 1422 876 esset
1453 815 1636 877 metri
1663 813 1971 893 tractandi
2003 813 2268 892 incuria,
2302 835 2375 877 eo
2406 835 2771 899 progressus

414 917 496 980 sit
541 916 849 997 licentiae,
899 922 970 982 ut
1000 918 1189 982 etiam
1236 919 1558 1002 anapaesti
1604 920 1866 1004 longam
1897 920 2208 1004 syllabam
2254 921 2321 1002 in
2356 920 2507 984 duas
2551 921 2769 985 breves

415 1024 683 1088 solveret
737 1025 800 1088 id
849 1029 942 1089 est
995 1025 1619 1109 proceleusmaticum
1672 1027 1902 1111 jambi·
1931 1026 2068 1091 loco
2119 1027 2322 1091 versui
2379 1027 2766 1093 immitteret.

416 1130 591 1207 Quod
652 1131 906 1215 quidem
966 1137 1114 1205 ante
1175 1134 1386 1198 omnia
1449 1134 1529 1197 ob
1587 1157 1725 1198 eam
1790 1135 2059 1198 maxime
2120 1156 2254 1198 rem
2314 1135 2770 1219 dubitationem

416 1238 595 1302 nobis
656 1243 906 1303 moveat
962 1261 1209 1305 necesse
1256 1246 1371 1321 est,
1432 1263 1576 1306 cum
1627 1241 1744 1304 tali
1805 1242 1986 1306 modo
2044 1241 2210 1311 ποὺς
2256 1241 2518 1311 κύκλιος
2566 1242 2769 1324 jambi

414 1344 552 1408 loco
597 1345 836 1428 positus
880 1347 947 1408 in
989 1350 1288 1431 quattuor
1334 1351 1619 1431 tempora
1666 1348 1966 1428 solvatur,
2014 1349 2179 1433 quod
2229 1348 2358 1412 ullo
2405 1349 2590 1411 modo
2630 1348 2768 1417 fieri

413 1473 592 1534 posse
638 1456 880 1516 veteres
926 1454 1169 1518 metrici
1211 1456 1286 1518 ad
1335 1477 1531 1518 unum
1571 1477 1787 1519 omnes
1833 1460 2091 1540 negant.
2186 1454 2345 1531 Quid
2394 1456 2559 1541 quod
2602 1456 2770 1538 ejus-

415 1559 582 1623 modi
629 1560 1144 1643 proceleusmatio
1191 1564 1454 1645 probato
1487 1563 1915 1645 compluribus
1953 1563 2154 1646 iisque
2195 1562 2466 1626 maxime
2502 1552 2769 1626 firmatis

412 1665 566 1733 locis
613 1667 901 1750 cogimur
951 1669 1192 1733 duabus
1247 1669 1507 1754 syllabis
1563 1670 1858 1734 brevibus
1913 1669 2420 1752 interpunctione
2475 1669 2769 1753 sejunctis

413 1773 640 1857 longae
673 1775 837 1839 vices
866 1775 1164 1856 tribuere,
1214 1800 1403 1862 quam
1445 1778 1631 1842 metri
1667 1778 1978 1841 tractandi
2017 1776 2485 1860 neglegentiam
2521 1776 2767 1840 Aristo-

413 1881 688 1964 phanem
735 1906 1061 1968 nunquam
1106 1885 1225 1948 sibi
1272 1884 1600 1949 indulsisse
1648 1908 1686 1948 a
1730 1884 1911 1950 nobis
1956 1884 2105 1948 satis
2151 1906 2460 1967 superque
2509 1883 2766 1948 demon-

412 1993 682 2053 stratum
746 1995 857 2054 est.
952 1991 1181 2067 Quodsi
1238 1992 1337 2056 his
1392 1992 1743 2056 rationibus
1800 1991 1955 2055 moti
2011 1991 2361 2055 infitiamur
2418 1990 2768 2072 proceleus-

414 2098 716 2162 maticum
749 2099 955 2182 jambi
985 2099 1123 2164 loco
1167 2102 1317 2183 poni
1356 2121 1555 2183 posse,
1603 2103 1796 2164 restat
1826 2104 1897 2163 ut
1925 2121 2245 2163 sumamus
2278 2098 2769 2181 Aristophanem

415 2226 453 2266 a
498 2203 884 2286 tragicorum
931 2205 1378 2270 consuetudine
1419 2205 1819 2270 aberrantem
1868 2226 2321 2288 nonnunquam
2362 2208 2767 2285 anapaestum

412 2315 554 2392 post
613 2311 932 2395 dactylum
996 2313 1096 2376 vel
1156 2313 1547 2378 tribrachum
1609 2311 1949 2377 admisisse.
2044 2311 2180 2387 Qua
2241 2333 2308 2375 re
2371 2333 2495 2374 non
2559 2309 2768 2373 minus

414 2438 623 2481 versus
654 2418 1026 2503 rhythmum
1058 2422 1119 2482 et
1151 2418 1533 2503 elegantiam
1559 2418 1859 2482 confundi
1893 2421 1955 2481 et
1984 2416 2340 2500 perturbari
2365 2415 2499 2499 jam
2525 2419 2764 2480 veteres

414 2525 657 2590 metrici
725 2526 975 2609 penitus
1044 2531 1496 2609 perspexerunt
1565 2531 1756 2611 atque
1828 2524 2018 2589 talem
2088 2523 2462 2587 solutionem
2531 2523 2764 2587 abhor-

412 2635 703 2711 ruerunt,
769 2637 1126 2698 nostrorum
1193 2639 1404 2698 autem
1470 2634 1800 2698 hominum
1866 2654 2080 2696 earum
2144 2652 2355 2695 rerum
2423 2630 2764 2713 peritorum

411 2740 719 2823 imprimis
770 2740 1156 2805 Godofredus
1204 2742 1605 2806 Hermannus
1652 2741 1718 2804 in
1768 2740 2039 2823 epitome
2087 2738 2409 2802 doctrinae
2465 2738 2762 2803 metricae

411 2847 780 2929 explicatius
803 2871 949 2912 eam
997 2871 1127 2913 rem
1162 2849 1453 2932 disquirit
1484 2854 1676 2933 atque
1722 2847 1993 2911 maxime
2040 2847 2120 2909 ob
2154 2868 2294 2911 eam
2339 2868 2471 2909 rem
2505 2846 2761 2908 demon-

409 2958 569 3017 strat
624 2977 662 3019 a
717 2955 1032 3019 veteribus
1096 2956 1292 3037 poetis
1356 2956 1582 3018 horum
1646 2955 1886 3037 pedum·
1939 2953 2448 3037 conjunctionem
2501 2953 2762 3016 vitatam

411 3082 558 3142 esse,
619 3063 786 3144 quod
841 3061 1165 3125 tribracho
1223 3060 1324 3125 vel
1371 3060 1619 3145 dactylo
1668 3063 2076 3143 anapaestum
2125 3059 2532 3142 praecedente
2579 3062 2764 3144 quat-

409 3172 553 3231 tuor
598 3168 663 3232 in
710 3167 871 3231 thesi
919 3167 1198 3251 syllabae
1242 3168 1388 3247 sint,
1446 3167 1507 3230 id
1555 3169 1723 3252 quod
1778 3189 2038 3231 numero
2083 3166 2403 3231 trochaico
2450 3169 2763 3250 repugnet

411 3274 520 3356 (cf.
572 3274 831 3340 Godofr.
880 3275 1304 3355 HermannuS‚
1351 3275 1643 3359 Epitome
1691 3275 1726 3357 ἓ
1766 3274 1943 3356 133).

588 3398 759 3474 Quae
800 3423 942 3466 cum
987 3401 1080 3465 ita
1109 3402 1257 3477 sint,
1304 3422 1442 3464 cum
1503 3399 2093 3483 proceleusmaticus
2141 3419 2344 3481 neque
2390 3416 2503 3480 pro
2543 3395 2762 3478 jambo

408 3507 664 3573 tolerari
712 3507 926 3590 possit,
974 3509 1037 3571 id
1084 3509 1250 3591 quod
1298 3507 1525 3572 nostris
1572 3507 1959 3590 argumentis
2006 3504 2416 3571 demonstrari
2459 3503 2762 3582 videatur,

410 3636 612 3698 neque
676 3637 791 3698 pro
851 3615 1177 3691 trochae0‚
1242 3614 1307 3679 id
1367 3614 1533 3697 quod
1598 3613 1998 3678 Hermannus
2062 3611 2411 3677 luculenter
2472 3610 2764 3690 ostendit,

409 3722 534 3785 alia
587 3721 691 3786 via
750 3721 1132 3786 solutionum
1189 3721 1321 3804 ejus
1383 3722 1550 3785 modi
1608 3721 2118 3804 explicandarum
2177 3717 2587 3801 ingredienda
2650 3721 2761 3781 est.

309 3819 313 3828 ’
409 3828 506 3892 Ac
563 3829 744 3892 nobis
799 3828 1050 3912 quidem
1109 3849 1185 3892 ex
1244 3827 1356 3892 illa
1417 3828 1554 3910 ipsa
1612 3829 1681 3891 in
1742 3827 2167 3909 compluribus
2227 3825 2379 3889 locis
2442 3825 2572 3888 huc
2620 3845 2763 3906 per-

408 3935 755 4000 tinentibus
813 3939 1176 3999 occurrente
1237 3935 1744 4017 interpunctione
1801 3957 1927 3998 una
1987 3935 2055 3997 in
2102 3955 2174 3997 ea
2235 3933 2596 4015 quaestione
2654 3953 2762 3995 ex-

406 4041 665 4125 plicatio
712 4043 842 4126 peti
889 4064 1065 4126 posse
1105 4042 1371 4106 videtur.
1448 4041 1637 4106 Libet
1667 4063 2062 4107 commonere
2092 4062 2185 4117 66,
2233 4061 2396 4123 0066
2435 4038 2762 4104 attulimus

408 4168 556 4232 pag.
595 4149 677 4213 10
725 4151 801 4213 ad
852 4149 1012 4213 Ach.
1045 4172 1103 4213 v.
1146 4149 1313 4212 1023
1362 4148 1599 4223 πόθενς
1657 4148 1804 4211 ἀπό.
1897 4146 1965 4212 Si
2012 4151 2178 4210 recte
2224 4168 2287 4209 se
2335 4145 2548 4224 habet,
2594 4145 2760 4228 quod

406 4255 521 4320 ,1110
577 4255 715 4320 1060
763 4257 1231 4341 explicavimuS‚
1286 4257 1810 4339 interpunctionis
1866 4252 2253 4339 insequentis
2302 4253 2362 4318 vi
2408 4274 2479 4317 ac
2537 4258 2763 4317 natura

2408 4363 2441 4415 3
