3250 5000
1405 295 1845 362 ...ω-.-

455 516 629 559 suam
679 493 744 558 in
791 490 962 558 Eccl.
1008 516 1067 558 v,
1104 493 1275 558 1124
1322 495 1665 574 inductam,
1723 496 1833 560 ubi
1880 495 2302 577 ἐκλεγομένας
2353 492 2613 560 verbum
2657 466 2832 560 sen—⁴

456 604 691 666 tentiae
723 605 784 667 et
830 605 1029 666 metro
1061 601 1452 685 aptissimum
1500 606 1706 667 mutat
1752 603 1818 665 in
1865 602 2284 684 ἐκλεγόμενος
2330 606 2401 666 ut
2445 604 2802 668 tribrachus

458 711 704 789 existat,
754 709 927 791 cujus
984 709 1200 773 breves
1255 708 1483 793 longae
1538 709 1675 774 loco
1731 710 1969 793 positae
2014 709 2291 795 syllabae
2338 710 2577 774 duobus
2627 711 2800 774 nullo

457 817 706 881 vinculo
752 817 1229 883 cohaerentibus
1277 818 1595 882 vocabulis
1642 817 2026 882 tribuuntur.
2042 818 2092 901 1)

996 1048 1127 1116 111.
1184 1047 1287 1114 De
1333 1046 1728 1114 tribrachis
1773 1046 1984 1115 tertii
2033 1046 2258 1133 pedis,

634 1211 706 1276 In
760 1213 876 1275 hoc
924 1233 1172 1295 quoque
1220 1211 1374 1291 pede
1425 1209 1590 1273 haud
1639 1231 1872 1293 magno
1919 1209 2133 1273 labore
2180 1231 2333 1291 opus
2381 1209 2517 1288 erit,
2575 1210 2798 1293 pedum

456 1324 596 1403 post
643 1319 912 1402 priorem
959 1318 1111 1381 arsis
1156 1317 1399 1381 solutae
1452 1317 1790 1381 incisorum
1840 1315 2111 1399 reperire
2160 1317 2606 1380 excusationes
2700 1316 2800 1380 Ad

458 1428 682 1490 horum
731 1431 939 1491 autem
987 1424 1449 1489 tribrachorum
1489 1424 1830 1489 solutiones
1876 1428 2105 1488 natura
2152 1424 2277 1488 sert
2325 1426 2393 1487 ut
2438 1446 2564 1487 non
2612 1424 2802 1488 mini-

458 1556 629 1597 mum
662 1533 999 1598 contulerit
1028 1553 1284 1595 caesura
1315 1530 1780 1615 semiquinaria,
1810 1552 1972 1615 quae
2002 1530 2106 1594 hic
2138 1530 2343 1595 locum
2375 1552 2554 1594 suum
2592 1531 2800 1596 habet.

457 1639 553 1705 Ac
620 1640 892 1723 primum
957 1639 1210 1721 quidem
1273 1638 1631 1722 saepissime
1701 1639 2162 1703 tribrachorum
2227 1638 2493 1703 alterum
2556 1644 2800 1724 tempus

458 1747 830 1830 exprimitur
893 1746 1178 1826 articuIO,
1242 1768 1429 1829 quem
1491 1768 1633 1809 cum
1697 1750 1995 1830 sequente
2055 1747 2308 1811 nomine
2373 1747 2549 1829 quasi
2610 1769 2801 1810 unam

457 1855 662 1919 facere
700 1875 912 1917 vocem
962 1874 1087 1916 non
1129 1857 1240 1930 est,
1289 1851 1454 1936 quod
1501 1853 1729 1916 iterum
1777 1874 2094 1916 moneam:
2145 1852 2303 1916 Ach.
2343 1853 2468 1915 134
2514 1852 2799 1933 προσίτω

466 1960 734 2044 Θέωρος
781 1961 817 2022 ὅ
863 1959 1039 2042 παρὰ
1087 1959 1464 2036 Σιτάλκους,
1534 1959 1657 2022 156
1705 1959 1874 2022 τουτὶ
1927 1959 1985 2021 τί
2033 1960 2158 2022 ἐστι
2211 1958 2282 2021 τὸ
2338 1958 2563 2032 κακόν,
2632 1960 2801 2022 1054

457 2069 746 2151 ἀπόφερε
793 2067 864 2130 τὰ
914 2067 1103 2147 κρέας
1156 2069 1192 2129 5
1244 2064 1436 2148 ἐγῷδ’
1473 2064 1575 2148 ἐφ’
1609 2063 1670 2147 ᾦ
1701 2091 1770 2148 γε
1800 2066 1870 2129 τὸ
1918 2068 2112 2147 κέαρ;
2161 2068 2287 2130 596
2337 2068 2469 2130 ἀλλ’
2505 2068 2573 2140 ἒξ
2615 2068 2799 2129 ὅτου-

456 2200 575 2259 περ
610 2177 646 2238 ὅ
677 2175 989 2256 πόλεμος;
1037 2173 1208 2237 Nub.
1246 2174 1395 2251 657,
1434 2174 1634 2249 1199;
1685 2174 1843 2258 EqU.
1881 2175 2039 2250 203;
2091 2173 2277 2257 Vesp.
2316 2176 2417 2253 74,
2456 2175 2605 2252 223,
2642 2175 2798 2250 7993

458 2283 605 2347 Pac.
644 2282 791 2359 181,
828 2281 972 2357 192,
1011 2282 1168 2357 70ος
1220 2281 1338 2343 Av.
1377 2280 1524 2357 168,
1562 2281 1761 2352 1007;
1811 2279 1955 2363 Lys.
1992 2280 2105 2358 88;
2156 2280 2408 2343 Thesm.
2446 2281 2596 2357 517,
2640 2281 2799 2353 9233

458 2390 617 2453 Ran.
653 2390 766 2465 323
831 2388 997 2450 Plut.
1033 2388 1138 2466 40,
1181 2389 1284 2465 47,
1335 2388 1486 2465 452,
1535 2388 1685 2465 484,
1737 2388 1887 2449 821.
1979 2387 2263 2451 Eandem
2314 2386 2616 2450 habemus
2664 2409 2800 2451 arc-

456 2502 589 2562 tam
636 2495 1137 2579 conjunctionem
1185 2517 1325 2558 cum
1375 2492 1639 2557 alterum
1689 2493 1992 2558 tribrachi
2040 2498 2285 2577 tempus
2328 2496 2573 2558 constat
2618 2516 2798 2577 prae-

456 2605 763 2689 positione
819 2602 917 2666 vel
979 2601 1422 2684 conjunctione
1484 2601 1583 2664 vel
1647 2603 2015 2684 pronomine
2078 2602 2233 2684 (sive
2294 2612 2487 2665 natua
2541 2623 2653 2666 sua
2710 2605 2803 2666 est

458 2710 889 2795 monosyllaba
945 2709 1072 2773 sive
1127 2708 1437 2792 bisyllaba
1492 2730 1613 2772 vox
1669 2708 1924 2772 elisione
1970 2709 2045 2772 ad
2106 2708 2569 2792 monosyllabae
2625 2731 2800 2772 men-

457 2841 664 2884 suram
711 2817 964 2880 redacta
1011 2814 1230 2899 est):²)
1278 2814 1437 2897 Equ.
1476 2838 1533 2879 v.
1576 2817 1741 2879 1226
1792 2816 1920 2896 ε’γὼ
1971 2814 2028 2878 δ’
2063 2816 2353 2879 ἔκλεπιον
2400 2815 2498 2878 ἐπ’
2533 2817 2798 2898 ἀγαθῴς

638 3013 678 3080 ¹)
720 3013 896 3078 Quam
946 3012 1065 3081 ipse
1116 3011 1293 3067 statui
1342 3012 1594 3080 regulam
1646 3013 1705 3065 et
1742 3010 2101 3079 comprobare
2152 3011 2366 3076 studeo,
2417 3028 2487 3066 ne
2538 3029 2798 3078 umquam

458 3106 627 3176 plane
650 3103 1028 3158 dilacerentur
1061 3101 1313 3169 syllabae
1353 3102 1557 3155 natura
1583 3101 1960 3165 cohaerenteS,
2000 3117 2124 3155 eam
2149 3118 2317 3169 quam
2355 3117 2466 3155 non
2496 3101 2802 3169 perspiciat

459 3197 628 3252 etiam
670 3193 790 3247 Car.
817 3191 1118 3246 Muellerus
1156 3192 1216 3244 in
1253 3191 1398 3245 libro
1435 3191 1504 3244 de
1542 3190 1777 3259 pedibus
1816 3189 2014 3243 solutis
2054 3190 2395 3258 tragicorum
2428 3190 2518 3243 vel
2555 3190 2797 3245 maxime

458 3285 735 3338 monstrat
772 3300 902 3350 pag.
930 3283 1015 3348 56,
1043 3279 1128 3347 (ll
1159 3284 1218 3335 et
1246 3279 1349 3345 12),
1389 3280 1486 3334 ubi
1509 3279 1593 3333 El.
1621 3298 1676 3334 v.
1696 3282 1801 3334 324
1830 3297 1898 3334 ex
1927 3279 2194 3334 librorum
2225 3279 2502 3347 scriptura
2528 3277 2798 3330 οὐπώποτ’

458 3373 522 3425 οὐ
558 3373 690 3440 χόας
728 3370 977 3427 Piersoni
1017 3370 1255 3425 audacia
1292 3373 1615 3439 corruptum
1664 3369 1724 3423 in
1763 3368 2046 3421 οὐπώποτε
2082 3367 2215 3436 χοάς
2260 3369 2420 3423 nulla
2467 3385 2527 3422 re
2579 3367 2799 3423 differre

458 3461 751 3517 contendit
787 3461 857 3514 ab
883 3461 1005 3515 Jon.
1034 3478 1083 3514 v.
1111 3462 1211 3513 931
1252 3459 1305 3510 τί
1338 3458 1473 3526 φής;
1511 3459 1624 3510 τίνα
1661 3458 1819 3526 λόγον
1857 3461 1914 3513 et
1940 3460 2060 3527 Iqh.
2088 3460 2153 3513 A.
2186 3477 2238 3513 V.
2266 3458 2428 3510 τίκτω
2474 3459 2521 3511 δ’
2548 3457 2632 3509 ἐπὶ
2664 3457 2806 3527 τρισί

459 3554 517 3606 et
552 3550 720 3604 Bach.
746 3550 851 3603 940
887 3550 1013 3601 ὅταν
1048 3546 1194 3615 παρὰ
1230 3547 1402 3614 λόγον.
1481 3547 1724 3613 Quorum
1765 3565 2020 3602 versuum
2069 3548 2339 3603 tribrachi
2390 3566 2555 3616 quam
2596 3547 2798 3603 diversi

460 3639 573 3693 sint
610 3639 682 3693 ab
720 3638 820 3692 illo
856 3638 1142 3691 Piersonio
1178 3654 1342 3691 nemo
1392 3637 1574 3706 primo
1610 3641 1676 3691 ut
1725 3638 1811 3691 ita
1849 3638 2031 3691 dicam
2070 3641 2302 3706 aspectu
2351 3656 2464 3693 non
2511 3637 2801 3706 intellegit

459 3732 518 3783 et
554 3728 855 3783 Muellerus
894 3743 958 3782 eo
1009 3727 1131 3796 ipso
1181 3727 1301 3780 loco
1341 3726 1588 3781 ostendit
1626 3743 1684 3780 se
1723 3726 2066 3781 solutionum
2116 3727 2391 3783 rationem
2430 3731 2488 3782 et
2536 3730 2799 3783 naturam

456 3835 569 3872 non
605 3818 831 3886 penitus
867 3817 1225 3885 perspexisse.

638 3904 682 3972 2)
720 3908 879 3961 Hanc
928 3906 1318 3975 pronominum
1358 3905 1728 3974 quorumdam
1776 3907 1991 3960 arctam
2041 3923 2163 3959 cum
2213 3905 2637 3973 insequentibus
2675 3922 2800 3958 con·

459 3995 821 4050 sociationem
871 4011 982 4049 non
1034 3997 1185 4049 recte
1234 3993 1567 4062 intellegere
1618 3994 1842 4049 videtur
1878 3994 2001 4049 Gar.
2041 3995 2341 4049 Muellerus
2385 3992 2474 4060 (de
2522 3995 2649 4063 ped.
2700 3996 2798 4050 sol.

459 4102 513 4153 p.
540 4086 622 4149 36,
651 4083 721 4148 5),
762 4102 887 4137 cum
924 4083 983 4137 in
1020 4083 1166 4137 Phil.
1196 4086 1333 4138 1029
1370 4100 1402 4121 ν
1430 4079 1435 4149 Ι
1460 4083 1513 4134 τί
1536 4085 1593 4149 μ’
1621 4082 1892 4152 ἀπάγεσθε
1931 4087 1989 4139 et
2030 4087 2164 4137 1247
2204 4081 2432 4146 δίκαιον,
2471 4083 2503 4135 ἃ
2541 4085 2586 4151 γ’
2614 4083 2799 4151 ἔλαβες

459 4173 885 4241 monosyllabon
945 4190 1126 4240 neque
1189 4190 1311 4227 cum
1370 4174 1739 4229 antecedente
1801 4190 1981 4240 neque
2037 4190 2162 4226 cum
2219 4174 2591 4239 consequente
2647 4175 2799 4230 arcte

460 4262 752 4318 cohaerere
790 4262 1109 4316 contendat.

3231 4065 3240 4088 ⁸⁶·
3236 3919 3245 4052 --.-...-..-
3237 3787 3246 3904 ana-...m-
