3250 5000
1379 338 1819 401 „19-

417 535 636 599 suadet
693 536 811 599 δύο
870 559 955 616 γε.
1050 535 1316 599 Rectum
1381 535 1498 599 hoc
1561 535 1698 599 loco
1762 534 1917 598 vidit
1965 534 2276 598 Porsonus
2333 558 2402 614 γε
2450 533 2569 597 δύο
2627 530 2772 616 pro-

417 664 674 726 ponem,
726 664 917 726 quam
964 642 1297 706 lectionem
1331 664 1544 706 omnes
1592 643 1969 706 recentiores
2006 642 2274 706 editores
2321 642 2598 725 recipere
2645 662 2771 704 non

418 748 885 813 dubitaverunt.

598 873 920 937 Postremo
952 873 1323 936 sententiam
1376 894 1578 935 meam
1624 871 1940 955 proferam
1989 873 2065 937 de
2101 872 2264 936 Eccl.
2312 895 2368 935 v.
2411 873 2530 936 151
2585 873 2774 953 ἐβου-

417 979 625 1062 λόμην
656 980 776 1061 μὲν
808 981 1024 1061 ἕτερον
1056 982 1136 1042 ἂν
1166 985 1296 1042 τῶν
1328 979 1626 1061 ἠθάδων,
1677 980 1786 1062 qui
1833 979 1897 1041 in
1931 979 2067 1043 aliis
2113 979 2289 1042 libris
2334 979 2773 1061 manuscriptis

419 1085 601 1150 aliter
648 1086 1074 1151 conformatus
1122 1087 1402 1150 nondum
1450 1087 1757 1150 medelam
1804 1087 2048 1169 accepit
2093 1085 2172 1149 ab
2221 1085 2510 1150 omnibus
2567 1086 2773 1149 homi-

418 1193 601 1255 nibus
664 1194 860 1258 doctis
922 1216 1048 1257 uno
1110 1215 1414 1258 consensu
1472 1197 1811 1276 receptam.
1907 1193 2250 1256 Maximam
2317 1193 2771 1256 dubitationem

420 1299 575 1362 mihi
638 1303 845 1363 movet
905 1302 986 1361 ἂν
1046 1298 1357 1381 particula
1419 1299 1683 1364 alteram
1745 1300 2051 1364 tribrachi
2112 1299 2422 1383 syllabam
2484 1299 2770 1382 explens;

417 1428 566 1469 nam
613 1406 745 1488 ejus
793 1405 1120 1470 solutionis
1152 1406 1437 1488 exempla
1469 1411 1640 1471 certa
1671 1411 1932 1490 quartus
1964 1410 2212 1470 tantum
2254 1429 2359 1490 pes
2394 1409 2515 1471 duo
2552 1428 2771 1490 eaque,

417 1516 487 1576 ut
547 1513 716 1576 infra
778 1514 1238 1590 demonstrab0‚
1302 1514 1486 1577 certis
1550 1515 1622 1577 de
1685 1515 1886 1578 causis
1950 1516 2099 1579 satis
2158 1518 2450 1579 excusata
2513 1513 2774 1597 praebet

420 1616 529 1700 (cf.
579 1643 637 1703 p.
680 1618 815 1699 20).
911 1619 1074 1683 Mihi
1121 1621 1374 1704 quidem
1437 1621 1700 1685 dubium
1760 1644 1888 1686 non
1935 1628 2045 1700 est,
2110 1622 2263 1704 quin
2310 1621 2619 1704 scriptura
2667 1621 2771 1684 de-

417 1731 677 1809 pravata
722 1726 804 1790 sit
850 1732 932 1803 et,
981 1749 1123 1791 cum
1172 1728 1364 1792 codex
1397 1727 1455 1791 R
1502 1733 1746 1792 mutato
1786 1729 2119 1793 verborum
2152 1729 2368 1793 ordine
2403 1728 2524 1810 μὲν
2557 1729 2773 1809 ἕτερον

417 1834 498 1894 ἂν
545 1832 863 1923 praebeat,
919 1836 991 1896 ut
1037 1833 1282 1897 numeri
1328 1835 1615 1899 oriantur
1664 1834 1936 1898 maxima
1986 1836 2389 1917 procedentes
2437 1835 2771 1918 elegantia,

417 1961 558 2004 eum
607 1961 734 2003 esse
784 1941 1129 2023 genuinum
1179 1942 1513 2005 verborum
1560 1942 1840 2006 ordinem
1891 1942 2162 2006 maxime
2210 1942 2599 2007 crediderim.

947 2168 1073 2239 IV.
1120 2169 1223 2236 De
1270 2168 1670 2237 tribrachis
1716 2170 1961 2257 quarti
2009 2170 2234 2257 pedis,

595 2329 669 2393 In
718 2334 943 2413 quarto
990 2330 1146 2412 pede
1194 2352 1335 2394 cum
1370 2332 1623 2396 eaedem
1672 2331 1803 2396 fere
1836 2332 2177 2396 solutiones
2208 2336 2558 2411 occurrant,
2609 2354 2771 2415 quae

415 2437 482 2500 in
512 2437 782 2500 secundo
829 2437 1006 2520 pede,
1055 2437 1271 2503 eodem
1304 2441 1492 2523 atque
1538 2438 1605 2502 in
1652 2437 1763 2502 illo
1805 2439 1961 2522 pede
1993 2460 2139 2503 usus
2169 2439 2388 2504 ordine
2420 2437 2771 2504 tribrachos

417 2543 496 2606 ab
544 2542 970 2627 Aristophane
1016 2543 1306 2610 liberiore
1353 2545 1537 2608 modo
1585 2545 1960 2626 compositos
2008 2567 2339 2628 exponam.

593 2668 685 2733 Ut
740 2668 806 2731 in
853 2669 1040 2732 tertio
1098 2669 1251 2750 pede
1307 2668 1879 2750 penthemimerim‚
1935 2670 2025 2733 ita
2071 2670 2137 2733 in
2193 2670 2314 2733 hoc
2370 2669 2770 2753 hephthemi-

416 2775 637 2839 merim
685 2776 765 2839 ad
811 2774 1192 2839 solutionum
1240 2776 1509 2858 speciem
1557 2797 1855 2859 magnam
1905 2777 2137 2841 habere
2172 2778 2302 2841 vim
2337 2777 2540 2861 quivis
2586 2777 2771 2841 facile

415 2882 750 2965 intellegit.
844 2881 1010 2948 Satis
1072 2903 1340 2965 magnus
1405 2905 1701 2947 numerus
1756 2883 2002 2948 obviam
2063 2889 2154 2948 est
2216 2886 2282 2947 in
2341 2886 2459 2949 hoc
2521 2907 2771 2968 quoque

415 2990 569 3071 pede
616 2989 1080 3053 tribrachorum
1127 2989 1219 3053 ita
1265 2990 1771 3072 compositorum,
1823 2995 1893 3054 ut
1939 2990 2137 3055 altera
2169 2991 2412 3076 syllaba
2447 2992 2772 3075 expleatur

416 3118 565 3161 voce
623 3095 1057 3180 monosyllaba
1105 3097 1208 3160 sed
1257 3118 1329 3160 ea
1374 3117 1826 3182 usquequaque
1882 3100 1957 3161 ad
2007 3098 2381 3162 vocabulum
2437 3101 2770 3184 insequens

413 3203 788 3285 pertinente.
882 3199 983 3265 Ita
1028 3202 1330 3266 articulus
1378 3203 1541 3267 hanc
1588 3205 1794 3268 sedem
1844 3203 2081 3286 explet:
2134 3205 2293 3267 Ach.
2328 3205 2411 3267 22
2460 3206 2770 3287 φεύγουσι

414 3308 484 3372 τὸ
541 3309 1056 3390 μεμιλτώμενον;
1124 3308 1285 3393 EqU.
1325 3311 1494 3373 1048
1554 3312 1832 3392 ἔφραζεν
1888 3311 1925 3373 ὁ
1980 3310 2165 3388 θεόςς
2215 3310 2408 3392 Vesp.
2442 3314 2523 3376 47
2585 3311 2768 3375 ἀλλό-

414 3439 608 3479 κοτον
656 3415 692 3477 ὁ
734 3412 1034 3495 &scopos-3
1098 3417 1222 3479 173
1272 3415 1428 3478 ἀλλὰ
1477 3416 1584 3478 τὸν
1634 3418 1813 3493 &vom
1874 3416 2016 3481 Pae.
2056 3418 2205 3492 241,
2256 3418 2414 3494 4373
2467 3419 2581 3480 Av.
2620 3419 2768 3497 864,

420 3524 621 3600 1149;
656 3521 801 3605 Lys.
836 3522 980 3597 159,
1016 3522 1167 3600 200,
1202 3524 1360 3598 396;
1394 3522 1649 3587 Thesm.
1680 3524 1784 3602 78,
1820 3524 1970 3599 246,
2005 3525 2156 3601 256,
2195 3525 2394 3601 1126;
2429 3524 2588 3587 Rau.
2621 3526 2768 3602 183,

417 3631 567 3705 563,
617 3629 768 3704 801,
823 3629 1014 3705 1144,
1062 3631 1250 3707 1154,
1306 3631 1498 3707 1262,
1547 3631 1745 3704 1434;
1795 3629 1962 3692 Eccl.
2007 3631 2148 3708 172,
2191 3631 2356 3695 1037
2397 3628 2472 3710 (si
2505 3630 2769 3714 Bergkii

413 3737 732 3819 sequimur
788 3735 1181 3815 lectionem);
1243 3735 1410 3798 Plut.
1448 3738 1507 3812 7,
1559 3738 1708 3812 740,
1761 3738 1909 3813 789,
1962 3738 2109 3815 794,
2171 3738 2321 3816 878,
2371 3739 2520 3814 913,
2576 3739 2767 3801 1016.

417 3843 561 3907 Non
621 3844 828 3907 minus
875 3844 1123 3908 articuli
1174 3845 1465 3907 brevibus
1512 3844 1732 3908 formis
1787 3846 2061 3927 pertinet
2107 3845 2185 3908 ad
2241 3866 2455 3908 vocem
2502 3866 2766 3927 sequen-

417 3955 540 4013 tem
601 3951 1012 4034 jurisjurandi
1078 3950 1389 4033 particula
1448 3952 1571 4032 μάε
1642 3952 1761 4015 Av.
1817 3952 1983 4016 1237
2043 3951 2199 4012 ἀλλὰ
2254 3950 2347 4031 μὰ
2406 3950 2527 4023 Δί’,
2599 3952 2765 4016 1497

418 4057 693 4118 ἐνταῦθα
749 4057 842 4138 μὰ
894 4056 1025 4130 Δί’,
1091 4056 1260 4120 Eccl.
1297 4059 1424 4121 553
1484 4059 1636 4139 ἄρτι,
1679 4057 1773 4140 μὰ
1824 4058 1946 4133 Δί’,
2014 4058 2183 4122 1088
2242 4057 2436 4140 δεῦρο
2491 4058 2585 4139 μὰ
2635 4058 2766 4132 Δί’;

418 4161 585 4226 Plub.
621 4163 747 4225 359
798 4163 1191 4242 ἀποτρόπαιε
1230 4162 1323 4244 μὰ
1360 4163 1483 4240 Δί’,
1532 4164 1664 4226 444
1700 4165 1886 4246 στῆθι
1926 4164 2018 4245 μὰ
2055 4163 2178 4226 Δί’.
2271 4164 2769 4247 Praepositiones

418 4273 480 4333 et
511 4268 984 4350 conjunctiones
1015 4269 1264 4333 articuli
1295 4273 1504 4351 partes
1536 4270 1823 4353 explent:
1877 4271 1993 4335 Av.
2022 4293 2077 4334 v.
2109 4271 2238 4334 964
2271 4272 2769 4353 ἐχρησμολόγεις

1733 4384 1740 4388 .
2376 4378 2447 4432 2*
