3250 5000
1480 309 1924 372 -35-

523 525 769 587 semper
823 502 1055 586 plurali
1111 508 1346 568 utatur.
1440 502 1612 580 Quae
1660 504 1818 569 duae
1864 502 2222 568 offensionis
2267 524 2454 566 ansae
2510 502 2698 566 simul
2753 501 2877 567 tol-

527 613 764 689 luntur,
811 612 863 675 si
910 611 1138 676 codicis
1185 610 1231 675 C
1280 612 1620 693 accipimus
1667 611 1995 676 lectionem
2046 610 2311 675 ἀκούετε
2357 610 2718 693 praebentis
2763 631 2878 692 pro

528 718 858 797 ἀκούετον,
907 723 978 782 ut
1025 719 1313 802 equidem
1359 740 1485 782 non
1533 717 1922 803 intellegam,
1978 739 2090 782 cur
2135 717 2403 782 editores
2448 739 2576 781 non
2626 716 2877 800 acquie-

527 826 735 890 verint
777 824 842 888 in
890 847 984 889 ea.

704 930 854 996 Non
901 953 1126 1015 operae
1172 933 1445 1014 pretium
1491 930 1650 995 mihi
1697 952 1824 994 esse
1858 930 2106 994 videtur
2151 930 2402 1014 longius
2442 930 2761 1012 disputare
2802 927 2879 992 de

529 1037 809 1103 Nubium
856 1062 917 1103 v.
954 1040 1103 1118 845,
1152 1039 1261 1123 qui
1308 1062 1346 1104 a
1389 1039 1705 1122 plerisque
1752 1037 2068 1103 codicibus
2114 1036 2203 1102 sic
2246 1037 2544 1101 traditus:
2604 1035 2878 1118 πότερον

527 1146 882 1228 παρανοίας
921 1146 1115 1210 αὐτὸν
1154 1147 1511 1228 εἰσαγαγὼν
1549 1148 1675 1211 ἕλω
1717 1170 1755 1211 a
1791 1145 2112 1210 Brunckio
2159 1167 2427 1228 eumque
2471 1148 2682 1208 secuto
2715 1141 2876 1206 Din-

528 1253 725 1318 dorfio
770 1253 1266 1335 proponentibus
1310 1253 1549 1334 πότερα
1596 1252 1937 1317 inferendis
1983 1252 2257 1316 numeris
2304 1251 2559 1316 vitiatus
2606 1254 2716 1315 est.

704 1357 932 1442 Neque
987 1363 1078 1423 est
1132 1358 1296 1442 quod
1352 1359 1605 1443 longius
1661 1360 2029 1424 haereamus
2086 1358 2151 1423 in
2199 1358 2345 1422 Pac.
2394 1379 2454 1422 v.
2494 1357 2644 1436 246,
2701 1355 2879 1439 cujus

527 1470 765 1530 rectam
810 1467 1183 1548 scripturam
1240 1467 1482 1532 codices
1529 1466 1605 1531 R.
1642 1465 1704 1531 S.
1741 1465 1800 1530 V
1846 1467 2171 1548 praebent,
2226 1466 2292 1529 in
2352 1466 2579 1549 quibus
2635 1485 2749 1546 pro
2796 1462 2877 1526 ἰὼ

528 1572 806 1655 Μέγαρα
865 1573 1101 1657 legitur
1157 1571 1214 1636 ὦ
1268 1572 1571 1655 Μέγαρα,
1633 1573 1732 1637 vel
1787 1575 1856 1637 in
1903 1572 2064 1656 Equ.
2114 1596 2171 1636 v.
2214 1574 2276 1650 7,
2336 1571 2446 1635 ubi
2502 1593 2644 1636 cum
2706 1570 2879 1635 eodi-

528 1680 704 1745 cibus
739 1679 917 1744 RBC
978 1702 1092 1763 pro
1150 1681 1396 1744 αὐταῖσι
1451 1680 1848 1746 scribendum
1903 1680 2139 1759 αὐταῖς,
2197 1679 2298 1743 vel
2351 1679 2416 1742 in
2467 1679 2627 1743 Ran.
2676 1701 2735 1742 v.
2771 1680 2875 1758 76,

528 1788 709 1870 cujus
762 1787 1007 1850 numeri
1061 1787 1358 1869 impedite
1413 1785 1737 1870 profluunt
1793 1787 1941 1868 οὐχί
1990 1786 2293 1850 vocabulo
2347 1786 2416 1849 in
2473 1785 2552 1848 οὗ
2610 1789 2875 1849 mutato·

650 1962 654 1966 ,
706 1893 894 1957 Haud
960 1894 1146 1959 dubie
1209 1896 1519 1977 corruptis
1581 1894 1859 1958 numeris
1921 1893 2170 1958 laborat
2236 1892 2396 1957 Ach.
2462 1917 2521 1959 v.
2576 1894 2658 1959 78
2727 1893 2878 1965 τοὺς

528 2002 781 2065 πλεῖστα
841 2002 1242 2084 δυναμένους
1296 2008 1688 2085 καταφαγεῖν
1743 2026 1807 2065 τε
1863 2001 1972 2065 καὶ
2026 2006 2218 2078 πιεῖν,
2281 2023 2470 2085 quem
2534 2002 2879 2065 curandum

528 2109 638 2173 alii
702 2109 857 2172 alias
925 2110 1325 2192 protulerunt
1395 2110 1884 2174 emendationes,
1993 2107 2345 2173 Meinekius
2415 2108 2737 2192 proponit,
2808 2109 2882 2170 ut

526 2196 810 2280 deleatur
866 2216 1178 2298 particula
1223 2239 1308 2295 τε,
1356 2217 1520 2300 quod
1580 2239 1654 2281 eo
1710 2216 1850 2298 plus
1904 2214 2118 2293 habet,
2170 2236 2294 2299 quo
2351 2214 2532 2279 nobis
2582 2214 2880 2292 arrideat,

528 2344 671 2386 cum
731 2322 850 2405 ipsi
907 2323 1149 2387 codices
1209 2323 1259 2385 B
1318 2327 1379 2387 et
1434 2322 1486 2385 P
1547 2323 1713 2387 hanc
1769 2322 2053 2387 voculam
2115 2322 2433 2385 omittant.
2528 2320 2646 2385 Sed
2708 2321 2877 2385 haud

527 2429 654 2493 scio
695 2452 774 2492 an
821 2452 859 2493 a
891 2428 1157 2494 Morello
1203 2434 1370 2494 recte
1417 2430 1777 2514 requiratur
1821 2428 2087 2512 simplex
2120 2435 2376 2511 φαγεῖν;
2424 2429 2506 2492 cf.
2540 2427 2881 2512 Theophil.

530 2536 609 2602 fr.
645 2539 716 2601 3:
766 2537 1027 2619 ἀνδρῶν
1076 2538 1379 2601 ἇπάντῶν
1424 2538 1681 2601 πλεῖστα
1731 2537 2088 2617 δυνάμενος
2135 2543 2377 2619 φαγεῖν.

705 2642 910 2706 Nemo
960 2644 1095 2726 jam
1145 2644 1407 2722 dubitet,
1456 2645 1609 2727 quin
1668 2665 1863 2726 prava
1907 2643 1990 2707 sit
2044 2644 2350 2709 librorum
2407 2643 2593 2708 lectio
2643 2643 2711 2707 in
2757 2642 2879 2707 Av.

524 2773 584 2815 v.
625 2751 825 2813 1383:
885 2749 1165 2813 σκυτάλι’
1200 2751 1505 2833 ἐφόρουν,
1554 2751 1692 2814 νυνὶ
1742 2751 1797 2813 δ’
1835 2751 2350 2832 ὑποστρέψαντες
2396 2748 2498 2824 αὗ,
2548 2749 2882 2832 paesertim

526 2878 669 2921 cum
735 2857 1159 2920 antecedentis
1228 2880 1438 2922 versus
1495 2857 1703 2922 verbis
1768 2856 2051 2939 ἐκόμων,
2111 2858 2364 2931 ἒπίνων,
2428 2856 2880 2938 ἕσωκράτιζον,

528 2964 834 3045 ἐρρύπων
880 2969 1180 3047 appareat
1225 2966 1329 3029 hic
1376 2963 1678 3029 orationis
1716 2964 2207 3029 concinnitatem
2250 2964 2590 3047 postulare,
2638 2967 2710 3027 ut
2754 2984 2882 3028 uno

525 3072 716 3135 verbo
777 3070 1168 3153 significetur
1230 3094 1345 3136 res.
1449 3072 1625 3148 Quod
1694 3071 1946 3155 quidem
2001 3072 2133 3154 jam
2195 3071 2508 3135 Porsonus
2567 3068 2884 3134 intellexit

527 3182 717 3262 atque
783 3178 1179 3243 scribendum
1251 3178 1577 3263 proposuit
1647 3178 2265 3260 ἐσκυταλιοφόρουν,
2330 3179 2496 3262 quod
2564 3199 2675 3241 suo
2735 3176 2881 3259 jure

526 3283 811 3367 plerique
858 3286 1231 3349 recentiores
1278 3286 1544 3349 editores
1591 3288 1985 3366 receperunt.

705 3389 1044 3455 Manifesto
1077 3391 1479 3455 librariorum
1511 3391 1707 3454 errori
1739 3391 2000 3454 debetur
2032 3390 2217 3454 lectio
2252 3412 2461 3454 versus
2487 3389 2678 3473 Vesp.
2706 3390 2876 3453 1169

524 3497 715 3561 etiam
774 3519 812 3559 a
868 3497 1201 3581 Blaydesio
1263 3503 1333 3562 ut
1387 3520 1539 3561 sana
1599 3503 1879 3581 recepta:
1945 3497 2069 3561 ὡδὶ
2130 3498 2385 3580 προβὰς
2446 3495 2767 3581 τρυφερόν
2827 3519 2883 3559 τι

531 3604 1097 3668 διασαλακώνισον.
1189 3605 1286 3669 Ex
1349 3626 1583 3688 magno
1652 3627 1913 3669 numero
1978 3605 2485 3671 emendationum
2548 3626 2586 3668 a
2650 3601 2881 3667 criticis

527 3711 1103 3776 commendatarum
1152 3735 1311 3797 quae
1359 3712 1441 3776 sit
1497 3712 1772 3776 maxime
1831 3711 2157 3795 probanda
2204 3711 2490 3795 equidem
2532 3710 2881 3774 discernere

529 3841 653 3883 non
720 3817 940 3884 ausim.
1035 3818 1224 3885 Forse
1291 3825 1532 3885 rectum
1596 3819 1755 3884 vidit
1820 3818 2182 3884 Dindorfius
2248 3818 2740 3882 ὂιασαικώνισον
2805 3839 2883 3880 ex

531 3924 853 4009 Hesychio
901 3930 964 3991 et
1011 3926 1240 3992 Photio
1287 3949 1529 3992 eruens,

706 4031 1016 4117 Denique,
1075 4057 1154 4098 ne
1201 4035 1351 4119 quid
1398 4035 1890 4117 praetermisisse
1932 4033 2167 4111 videor,
2219 4032 2491 4096 breviter
2541 4029 2879 4112 proferam,

531 4139 676 4222 quid
742 4141 1139 4205 statuendum
1203 4147 1420 4225 putem
1483 4142 1557 4206 de
1616 4143 1776 4207 Aah.
1834 4164 1894 4206 v.
1934 4142 2093 4217 615,
2157 4139 2319 4223 Equ.
2378 4161 2435 4203 v.
2476 4139 2632 4217 676,
2687 4135 2878 4218 Vesp.

531 4267 587 4309 v.
625 4247 776 4325 967,
826 4269 980 4330 quos
1027 4250 1104 4313 ad
1151 4272 1335 4315 sanos
1380 4272 1671 4315 numeros
1710 4250 1846 4333 jam
1895 4250 2128 4312 dudum
2176 4246 2441 4310 editores
2479 4244 2879 4310 rettulerunt.
