3250 5000
1494 305 1936 368 ..34-

540 500 891 582 proximam
950 499 1333 582 superiorem
1393 499 1700 584 syllabam
1768 500 2059 582 produci,
2122 501 2270 586 quid
2328 502 2622 584 impedit,
2680 525 2761 567 ne
2817 504 2890 567 ad

540 629 773 687 versus,
831 610 905 672 de
951 607 1178 691 quibus
1226 606 1328 671 hic
1376 608 1646 690 agimuS‚
1701 608 1865 672 idem
1913 608 2275 690 referamuS,
2331 614 2403 673 ut
2445 632 2650 696 neque
2696 611 2892 694 scrip-

540 719 752 780 turam
798 715 1107 779 librorum
1152 719 1394 779 mutare
1440 736 1740 797 cogamur
1788 720 1849 780 et
1895 717 2140 781 numeri
2188 717 2512 799 eleganter
2554 716 2890 801 profluant.

541 821 684 885 Huc
752 823 1070 904 pertinent
1138 820 1302 886 Ach.
1374 843 1432 885 v.
1482 822 1565 886 47
1640 819 1773 885 ἀλλ’
1822 823 2174 894 ἀθάνατος·
2245 824 2284 887 ό
2352 823 2475 906 γὰρ
2538 824 2894 907 Ἀμφίθεος

543 926 888 1011 Δήμητρος
942 928 1043 1011 ἦν,
1105 950 1163 992 v.
1199 929 1327 992 928
1386 929 1607 1010 ὥσπερ
1667 930 1975 1011 κέραμον,
2037 932 2136 993 ἵνα
2191 930 2283 1013 μὴ
2341 938 2587 1015 καταγῇ
2644 931 2892 1014 φορού-

540 1059 756 1117 μενος,
820 1035 990 1100 Eccl.
1040 1058 1098 1100 v.
1135 1037 1261 1099 315
1312 1036 1421 1098 καὶ
1466 1036 1835 1118 θοίμάτιον·
1894 1038 1998 1100 ὅτε
2056 1037 2134 1121 δὴ
2196 1038 2254 1101 δ’
2287 1039 2492 1102 ἐκεῖνο
2542 1039 2893 1122 ψηλαφῶν,

544 1143 661 1206 Av.
695 1165 753 1207 v.
793 1144 917 1206 108
966 1143 1249 1206 ποδαπὼ
1282 1142 1352 1205 τὸ
1384 1144 1596 1225 γένος;
1636 1142 1843 1208 εΌθεν
1874 1145 1941 1206 αἱ
1968 1145 2244 1227 τριήρεις
2275 1146 2340 1207 αἱ
2370 1145 2578 1225 καλαί,
2626 1168 2893 1230 quorum

544 1271 832 1314 versuum
886 1251 1197 1333 scriptura
1253 1251 1534 1314 omnium
1587 1251 1867 1315 codicum
1918 1253 2255 1316 autoritate
2310 1252 2400 1316 ita
2444 1251 2726 1317 stabilita
2781 1256 2892 1332 est,

544 1361 614 1420 ut
644 1357 798 1441 quin
843 1355 1002 1421 haec
1047 1359 1128 1421 sit
1160 1358 1437 1440 genuina
1469 1357 1674 1422 forma
1711 1380 1840 1422 non
1872 1362 1963 1423 est
2003 1360 2169 1442 quod
2209 1359 2584 1423 dubitemus,
2663 1357 2896 1435 Quodsi

542 1464 1165 1546 proceleusmaticum
1212 1486 1415 1548 neque
1454 1464 1657 1547 jambi
1690 1486 1894 1549 neque
1924 1464 2203 1529 trochaei
2235 1464 2433 1543 vicem
2465 1468 2679 1530 tenere
2719 1487 2895 1548 posse

542 1571 892 1653 putandum
925 1574 1037 1647 est,
1086 1592 1294 1636 nonne
1342 1576 1554 1636 nostro
1593 1571 1738 1654 jure
1770 1593 1847 1634 ex
1892 1572 2398 1655 interpunctione
2430 1574 2894 1638 excusationem

541 1678 832 1760 petimu8‚
877 1699 1020 1742 cum
1052 1678 1482 1743 contendimus
1517 1678 1911 1743 tribrachum
1948 1677 2474 1761 interpunctionis
2510 1679 2895 1762 insequentis

542 1785 605 1849 vi
650 1784 726 1848 ad
778 1784 1096 1867 anapaesti
1149 1806 1502 1848 mensuram
1551 1786 1883 1849 accedere?

722 1890 935 1956 Aliam
993 1892 1408 1956 excusationis
1463 1914 1679 1956 ansam
1737 1891 2126 1956 inveniemus
2180 1892 2245 1956 in
2304 1891 2449 1975 LyS.
2496 1914 2556 1956 v,
2596 1892 2786 1971 1148,
2844 1893 2897 1956 si

543 1999 750 2062 locum
810 1998 1162 2061 accuratius
1224 1999 1777 2080 perscrutabimur.
1871 1997 2074 2073 Quam
2134 1998 2281 2062 libri
2342 1998 2647 2080 praebent
2699 1999 2896 2081 scrip-

543 2110 752 2169 turam
785 2105 1186 2187 ἀδικιοῦμες·
1221 2104 1412 2167 ἄλλ’(ἱ
1440 2110 1745 2187 πρῶκτος
1769 2106 2020 2187 ἄφατον
2046 2106 2139 2175 ὡς
2171 2105 2385 2185 καλός,
2420 2106 2484 2169 in
2521 2128 2594 2171 ea
2624 2106 2897 2169 maxime

544 2212 920 2276 offendimur
967 2211 1342 2293 ἄδικιοῢμες
1387 2212 1563 2276 verbi
1601 2212 1825 2289 forma,
1875 2234 2061 2296 quam
2106 2213 2430 2277 confusam
2480 2234 2608 2277 esse
2640 2235 2716 2277 ex
2758 2213 2894 2276 ἄόι-
2965 2301 2970 2304 ἤ

544 2320 766 2400 κίομες
835 2323 897 2382 et
958 2318 1309 2400 ἀόικοῦμες
1368 2319 1500 2383 veri
1568 2318 1959 2382 simillimum
2028 2323 2139 2383 est.
2242 2319 2402 2384 Utra
2469 2320 2696 2385 harum
2766 2320 2894 2384 lec-

543 2425 787 2489 tionum
836 2427 1138 2511 majorem
1187 2427 1418 2490 habeat
1463 2426 1860 2511 probalitatis
1890 2427 2181 2510 speciem,
2230 2426 2436 2490 adhuc
2480 2427 2645 2491 inter
2682 2429 2896 2491 doctos

544 2555 672 2598 non
740 2538 1003 2598 constat.
1100 2534 1412 2617 Equidem
1473 2534 1827 2618 praeferam
1888 2535 2220 2615 ἀδικίομες
2280 2535 2577 2613 formam,
2647 2535 2753 2599 sed
2819 2558 2897 2600 ne

544 2645 813 2704 metrum
868 2640 1225 2724 juguletur,
1290 2642 1532 2706 vocales
1594 2665 1654 2705 ιο
1716 2662 1827 2724 per
1886 2640 2214 2724 synizesim
2281 2641 2382 2703 vel
2441 2662 2552 2723 per
2605 2646 2895 2706 contrac-

546 2748 781 2811 tionem
839 2746 1134 2829 legantur
1180 2769 1482 2830 propono,
1542 2754 1610 2812 ut
1668 2749 1786 2812 hoc
1832 2748 2092 2811 verbum
2141 2747 2372 2830 raptim
2418 2749 2897 2831 pronuntiatum

547 2876 746 2936 paene
796 2857 865 2916 ut
897 2853 1431 2939 quadrisyllabum
1466 2859 1662 2933 sonet,
1711 2855 1773 2917 id
1814 2856 1979 2937 quod
2015 2853 2212 2917 Attici
2243 2855 2545 2918 sermonis
2578 2860 2901 2919 contracta

548 2961 752 3024 forma
801 2961 1154 3044 ἀδικοῦμεν
1202 2968 1263 3026 et
1307 2962 1645 3044 superioris
1691 2982 1902 3025 versus
1948 2960 2151 3023 simile
2199 2960 2556 3041 exemplum
2611 2960 2900 3044 flagitare

548 3068 812 3132 videtur.
909 3067 1088 3132 Certe
1136 3069 1309 3133 nullo
1359 3069 1540 3133 modo
1588 3070 1664 3133 de
1712 3067 2263 3150 proceleusmatico
2309 3066 2537 3150 cogito.

726 3172 898 3249 Quae
929 3175 1056 3238 alia
1096 3176 1795 3258 proceleusmatieorum
1830 3172 2117 3255 exempla
2155 3173 2523 3251 afferuntur,
2570 3174 2657 3237 eis
2688 3197 2899 3239 emen-

549 3280 817 3344 dationis
879 3281 1184 3345 medelam
1241 3281 1540 3346 adhibere
1588 3304 1661 3347 eo
1725 3282 1929 3345 minus
1984 3302 2218 3358 vereor,
2278 3302 2421 3343 cum
2482 3280 2899 3362 plurimorum

547 3409 751 3470 neque
808 3388 1117 3470 scriptura
1177 3393 1420 3453 constet
1473 3392 1535 3452 et
1584 3388 1936 3453 emendatio
1997 3392 2289 3470 prompta
2343 3387 2442 3452 sit.
2539 3386 2899 3455 Indubitate

548 3497 878 3576 corruptus
924 3494 1160 3578 legitur
1202 3496 1269 3558 in
1315 3495 1495 3560 libris
1539 3518 1751 3559 versus
1783 3495 2036 3560 Thesm.
2072 3496 2199 3559 285
2243 3494 2314 3558 τὸ
2354 3495 2667 3570 πόπανον,
2717 3497 2900 3569 ὅπως

547 3601 837 3682 λαβοῦσα
886 3602 1078 3665 θύσω
1124 3608 1258 3665 ταῖν
1304 3603 1508 3682 θεαῖν,
1559 3625 1746 3686 quem
1795 3602 1901 3666 alii
1950 3603 2072 3667 alio
2129 3601 2313 3666 modo
2359 3602 2426 3665 in
2475 3603 2713 3685 justam
2770 3605 2898 3669 for·

552 3730 720 3771 mam
766 3709 1049 3791 redigere
1082 3710 1291 3773 conati
1338 3714 1506 3788 sunt,
1551 3731 1694 3772 cum
1743 3711 1850 3772 uni
1898 3712 2323 3792 proponerent
2354 3707 2425 3772 τὸ
2456 3709 2751 3775 πόπανον
2784 3712 2898 3788 ὥς,

550 3815 657 3878 alii
707 3814 782 3877 τὰ
829 3815 1068 3878 πόπαν’
1103 3816 1303 3894 ὅπως,
1362 3816 1473 3880 alii
1519 3816 1722 3881 deleto
1770 3816 2035 3880 articulo
2080 3815 2393 3890 πόπανον,
2445 3816 2645 3887 ὅπως.
2738 3817 2900 3882 Mihi

552 3922 826 4005 quidem,
885 3943 1026 3985 cum
1089 3927 1331 3987 constet
1385 3922 1700 4006 particula
1745 3923 1927 3992 ὅπως
1974 3944 2115 3986 cum
2163 3921 2564 4004 conjunctivo
2620 3944 2746 3987 non
2809 3926 2902 3990 uti

549 4027 817 4092 comicos
874 4028 995 4092 nisi
1054 4029 1267 4093 addita
1327 4029 1637 4113 particula
1697 4031 1780 4093 ἄν
1835 4033 2024 4113 atque
2080 4029 2264 4098 ὅπως
2320 4034 2384 4091 et
2437 4028 2536 4091 ἵνα
2591 4037 2774 4113 saepe
2833 4033 2900 4096 in

549 4136 865 4199 codicibus
897 4135 1218 4215 confundi,
1267 4136 1529 4201 dubium
1573 4159 1697 4201 non
1741 4139 1850 4216 est,
1900 4135 2053 4220 quin
2089 4134 2542 4217 Aristophanes
2584 4138 2902 4220 scripserit

548 4239 622 4304 τὸ
668 4241 981 4316 πόπανον,
1039 4245 1159 4321 ἵνα,
1217 4267 1341 4328 qua
1401 4244 1669 4309 lectione
1725 4249 1853 4310 tam
1916 4243 2158 4327 proceri
2217 4242 2579 4307 efficiuntur
2632 4245 2898 4325 numeri,
