3250 5000
1370 310 1805 374 -11-..

372 490 377 495 ’
413 504 657 590 syllaba
702 509 960 589 propter
1004 507 1202 588 ipsam
1249 507 1683 590 insequentem
1731 528 1991 590 pausam
2023 508 2283 590 ancipiti
2330 529 2621 572 mensura
2658 508 2760 586 sit,

415 613 634 696 quidni
681 612 844 680 idem
876 611 1367 695 Aristophanem
1414 614 1480 676 in
1528 614 1734 678 medio
1781 637 1962 680 versu
2002 619 2147 679 ante
2191 616 2760 698 interpunctionem

413 719 534 784 sibi
580 720 950 785 concessisse
997 721 1206 803 putari
1253 721 1446 803 possit
1489 720 1678 803 idque
1712 721 1811 786 vel
1858 722 2129 787 maxime
2174 723 2240 785 in
2288 714 2361 785 ea
2393 722 2760 801 elocutione,

415 849 578 911 quae
623 826 980 909 saepissime
1025 849 1238 892 versus
1291 826 1482 891 finem
1529 827 1899 907 conformet,
1955 827 2025 892 εὗ
2074 827 2194 892 οἷδ’
2230 828 2322 891 ὅτι
2369 828 2523 894 dieo.
2541 827 2592 912 1)
2685 827 2762 892 In

416 956 542 1019 qua
587 937 912 1016 praeterea
942 955 1069 998 non
1116 932 1437 1016 intellego,
1487 955 1599 998 cur
1629 935 2107 1019 AristophaneS,
2153 935 2205 999 si
2234 934 2427 1000 talem
2459 935 2523 999 in
2559 936 2763 1000 medio

418 1064 594 1107 versu
641 1041 1114 1124 productionem
1164 1041 1481 1121 horrebat,
1528 1042 1924 1107 tribrachum
1970 1047 2102 1106 tam
2149 1041 2470 1106 insolitum
2517 1043 2585 1106 in
2623 1064 2763 1106 ver-

416 1172 555 1215 sum
610 1147 917 1224 intulerit,
974 1169 1113 1212 cum
1173 1147 1475 1212 facillima
1531 1151 1879 1214 mutatione
1934 1153 2139 1233 posset
2192 1149 2463 1214 scribere
2519 1147 2589 1212 εὖ
2640 1149 2763 1214 οἷδ’

419 1257 565 1337 ἐγώ.
659 1254 950 1321 Ceterum
1004 1255 1151 1319 talis
1196 1254 1475 1340 syllabae
1532 1255 1736 1321 brevis
1791 1261 1937 1322 ante
1991 1257 2557 1339 interpunctionem
2617 1278 2764 1338 pro-

419 1363 627 1427 ductio
675 1384 800 1426 non
855 1361 1042 1445 plane
1086 1362 1423 1446 singularis
1468 1367 1644 1426 extat
1687 1385 1799 1446 per
1847 1362 2228 1429 Graecorum
2280 1363 2527 1428 fabulas
2577 1367 2765 1446 atque

419 1469 585 1553 apud
615 1468 998 1553 Aeschylum
1046 1469 1319 1552 primum
1367 1470 1640 1535 occurrit
1672 1470 2046 1553 exemplum.
2125 1469 2200 1535 In
2236 1469 2515 1553 Choeph.
2551 1494 2607 1536 v.
2635 1471 2762 1534 655
2824 1531 2827 1533 Α

419 1576 566 1641 libri
611 1579 918 1660 praebent
963 1577 1110 1640 εἷεν·
1168 1577 1396 1640 ἀκούω
1445 1599 1604 1661 quae
1660 1577 1846 1643 lectio
1892 1578 2175 1643 codicum
2222 1578 2559 1642 autoritate
2616 1577 2767 1641 satis

419 1684 671 1749 firmata
717 1684 1019 1769 rhythmo
1074 1685 1264 1749 inseri
1309 1707 1436 1749 non
1495 1689 1718 1768 potest,
1779 1686 1899 1749 nisi
1946 1686 2211 1750 alteram
2256 1684 2378 1749 εἷεν
2426 1685 2592 1749 vocis
2638 1684 2766 1769 syl-

420 1790 629 1855 labam
668 1794 925 1874 propter
954 1792 1387 1875 insequentem
1426 1792 1999 1875 interpunctionem
2030 1792 2448 1875 producimus,
2528 1790 2768 1855 Eadem

350 1967 362 1979 ,
421 1895 689 1962 elocutio
751 1898 937 1963 obvia
997 1899 1073 1961 fit
1135 1898 1300 1980 apud
1358 1897 1851 1982 Aristophanem
1910 1899 1976 1962 in
2035 1897 2179 1963 Pac.
2238 1920 2296 1962 v.
2354 1920 2411 1961 v.
2456 1899 2584 1962 663
2648 1901 2765 1963 etc.

426 2005 596 2068 1284
645 2003 742 2068 his
775 2027 1022 2089 quoque
1053 2005 1204 2070 locis
1234 2006 1586 2090 insequenti
1618 2005 2126 2088 interpunctione
2156 2009 2466 2070 excusata.
2545 2003 2769 2088 Itaque

420 2113 512 2175 nil
558 2114 807 2176 obstare
867 2117 1040 2195 puto,
1097 2113 1252 2197 quin
1311 2113 1506 2178 talem
1567 2114 1751 2177 metri
1798 2113 2112 2178 tractandi
2174 2112 2531 2178 libertatem
2578 2113 2766 2177 etiam

420 2219 486 2282 in
534 2220 760 2284 nostris
807 2221 1087 2286 versibus
1135 2224 1505 2285 statuamus

937 2431 1036 2500 ΙΙ.
1092 2432 1195 2499 De
1241 2431 1638 2502 tribrachis
1685 2432 1985 2502 secundi
2030 2431 2255 2520 pedis,

606 2576 706 2639 Ad
752 2576 1008 2641 alterius
1057 2577 1231 2660 pedis
1277 2578 1629 2642 tribrachos
1687 2563 1827 2661 post
1874 2576 2137 2641 alteram
2183 2576 2489 2662 syllabam
2545 2577 2771 2643 incisos

416 2683 549 2767 jam
606 2706 707 2748 me
755 2688 1121 2748 convertens
1166 2685 1429 2749 servabo
1474 2685 1803 2749 consilium
1861 2707 2090 2764 meum,
2149 2688 2219 2748 ut
2265 2708 2365 2749 eas
2411 2685 2769 2765 solutioneS,

424 2813 693 2874 quarum
739 2790 1007 2854 alterum
1054 2797 1299 2872 tempus
1347 2791 1566 2855 vocula
1613 2791 2048 2875 monosyllaba
2091 2791 2396 2874 expletur,
2443 2792 2772 2876 sejunctim

425 2895 812 2980 contempler
859 2896 939 2960 ab
989 2897 1096 2975 eiS,
1152 2897 1217 2959 in
1267 2897 1494 2981 quibus
1541 2898 1700 2961 duae
1756 2898 1975 2962 breves
2032 2899 2268 2982 priores
2317 2921 2443 2963 una
2489 2921 2772 2982 compre-

426 3004 786 3069 henduntur
833 3027 980 3069 voce
1029 3004 1337 3089 bisyllaba
1384 3005 1483 3070 vel
1528 3006 1653 3070 fine
1701 3005 1986 3070 vocabuli
2040 3006 2316 3090 plurium
2362 3006 2771 3090 syllabarum,

426 3135 464 3176 a
493 3112 680 3177 tertia
711 3133 943 3176 novum
985 3134 1215 3175 nomen
1245 3111 1372 3176 sive
1404 3102 1882 3197 monosyllabon
1914 3113 2043 3177 sive
2077 3113 2352 3196 plurium
2385 3112 2769 3198 syllabarum

424 3221 667 3303 incipit.
762 3217 975 3302 Atque
1038 3218 1104 3281 in
1166 3219 1419 3282 secundi
1476 3241 1726 3303 quoque
1787 3220 1959 3302 pedis
2014 3220 2351 3284 tribrachis
2413 3220 2527 3283 tali
2589 3219 2772 3284 modo

425 3326 644 3392 solutis
678 3327 1101 3391 demonstrare
1134 3325 1428 3405 conabor,
1477 3325 1971 3408 Aristophanem
2019 3328 2084 3390 in
2122 3328 2399 3392 versibus
2439 3327 2774 3391 condendis

425 3433 614 3499 talem
664 3455 1068 3498 numerorum
1114 3433 1473 3499 libertatem
1518 3433 1639 3497 sibi
1686 3455 1813 3497 non
1859 3435 2211 3517 sumpsisse,
2259 3435 2378 3497 nisi
2426 3436 2516 3498 ita
2552 3438 2624 3498 ut
2655 3434 2773 3498 ali-

427 3563 553 3624 qua
599 3541 919 3605 accederet
963 3541 1351 3624 syllabarum
1399 3541 1980 3625 conjungendarum
2027 3543 2377 3606 necessitas

607 3647 975 3712 Arctissima
1006 3648 1262 3712 alterius
1292 3648 1572 3732 syllabae
1600 3671 1742 3713 cum
1773 3649 2140 3732 insequente
2169 3649 2526 3733 conjunctio
2553 3649 2773 3729 oritur,

427 3776 570 3819 cum
616 3754 891 3819 medium
929 3758 1172 3838 tempus
1205 3778 1563 3839 expressum
1594 3760 1689 3820 est
1719 3756 1983 3821 articulo
2016 3779 2158 3821 cum
2190 3760 2488 3840 sequente
2520 3756 2771 3821 nomine

608 3913 652 3981 ¹)
689 3915 1024 3984 Nuperrime
1062 3915 1369 3981 observavi,
1408 3915 1738 3971 Richterum
1775 3916 1835 3970 in
1873 3916 2120 3973 editione
2146 3917 2456 3985 Vesparum
2488 3917 2561 3971 ad
2593 3935 2643 3971 v.
2670 3918 2775 3973 853

430 4005 623 4060 eodem
672 4005 836 4059 modo
875 4004 1042 4074 hujus
1080 4022 1270 4059 versus
1308 4022 1570 4061 numeros
1609 4006 1890 4074 explicare
1927 4024 2054 4061 cum
2091 4007 2266 4061 dicat:
2322 4006 2554 4061 Nullam
2604 4006 2777 4060 offen-

431 4094 642 4149 sionem
680 4094 852 4149 habet
889 4093 974 4148 Pl.
999 4096 1121 4161 838,
1162 4111 1333 4163 quum
1372 4095 1450 4145 ὅτι
1489 4097 1547 4149 et
1582 4094 1645 4148 in
1683 4096 1791 4149 fine
1829 4095 2090 4164 dipodiae
2129 4098 2187 4151 et
2223 4095 2494 4150 orationis
2521 4096 2598 4151 sit
2632 4096 2776 4165 posi-

431 4186 553 4236 tum
589 4184 655 4236 ut
689 4182 996 4238 innumeris
1032 4181 1168 4238 locis
1207 4180 1308 4234 οἶδ’
1336 4182 1414 4233 ὅτι
1451 4182 1511 4235 in
1537 4183 1648 4237 fine
1676 4200 1935 4238 versuum
1962 4183 2092 4249 (ἴσθ’
2119 4184 2197 4236 ὅτι
2224 4181 2471 4252 similia),
2508 4186 2575 4240 ut
2597 4202 2776 4262 paene

432 4271 585 4326 dicas
623 4270 930 4340 ancipitem
969 4289 1087 4328 esse
1126 4272 1406 4344 syllabam
1444 4271 1533 4330 vel
1571 4272 1818 4341 longam.
