3250 5000
1342 316 1785 377 -27-

387 509 648 586 incuria,
706 514 777 571 ut
822 509 1128 572 nonnulla
1173 509 1464 591 exempla
1509 514 1756 592 praesto
1802 511 1948 588 sint,
2005 533 2167 593 quae
2213 534 2355 574 eum
2405 511 2736 575 arctiorem

387 615 553 680 vocis
631 615 974 699 bisyllabae
1043 638 1185 680 cum
1254 617 1659 699 sequentibus
1725 617 2134 681 sociationem
2210 639 2337 681 non
2408 618 2740 701 appetiisse

385 723 636 786 docent:
686 723 809 786 AV.
849 725 1015 788 1500
1064 723 1219 786 ἀλλὰ
1264 723 1339 786 σὺ
1382 725 1469 793 τίς
1512 723 1590 797 εἷς
1648 725 1817 788 1693
1866 724 2022 787 ἀλλὰ
2072 725 2378 806 γαμικήν;
2428 724 2574 809 LyS.
2608 726 2737 789 463

386 935 554 999 Plut.
595 937 760 1001 1157
827 937 982 999 ἀλλὰ
1048 937 1290 1013 ὃόλιον;
1355 937 1608 1001 Thesm.
1645 937 1774 1000 414
1838 935 1966 1000 εἶτα
2029 938 2133 1000 διά
2196 938 2303 1019 (ab
2358 937 2611 1021 Engero
2671 939 2737 1000 in

386 1043 645 1106 dubium
718 1044 1030 1126 vocatus);
1105 1043 1264 1107 Ach.
1318 1045 1445 1107 616
1518 1044 1740 1125 ὥσπερ
1814 1044 2234 1126 ἄπόνιπτρον;
2307 1043 2497 1126 Vesp.
2548 1045 2738 1123 1167,

385 1149 507 1212 Av.
540 1150 667 1212 441
718 1152 919 1232 ἤνπερ
970 1151 1005 1212 ὁ
1051 1151 1365 1233 πίθηκοςς
1415 1149 1560 1234 Lys.
1597 1151 1711 1226 843
1762 1150 1930 1215 Eccl.
1975 1151 2132 1225 380;
2183 1149 2352 1213 Plut.
2391 1152 2535 1228 151,
2586 1152 2738 1230 345,

385 1256 536 1320 421.
614 1255 856 1320 Verum
918 1256 1106 1320 etiam
1171 1262 1360 1340 atque
1422 1257 1615 1347 etiam
1680 1278 1872 1340 negO,
1938 1256 2331 1341 dactylorum
2396 1257 2585 1321 arsim
2649 1257 2740 1320 ita

385 1363 624 1427 duabus
669 1362 928 1447 syllabis
976 1364 1243 1445 exprimi
1300 1385 1494 1446 posse,
1555 1368 1625 1427 ut
1678 1365 2105 1446 interpunctio
2159 1364 2325 1428 inter
2381 1386 2484 1427 eas
2538 1365 2736 1428 inter-

383 1471 584 1534 cedat.
665 1469 842 1545 Quod
891 1470 1144 1553 quidem
1198 1470 1577 1535 recentiores
1635 1470 1900 1533 editores
1954 1469 2020 1532 in
2069 1468 2229 1534 Rau.
2281 1492 2338 1534 v.
2377 1454 2545 1533 1189
2594 1475 2738 1538 πῶς

385 1576 536 1658 γάρς
589 1576 690 1638 ὅτε
740 1577 817 1658 δή
868 1577 1146 1640 accidere
1191 1579 1439 1659 putant.
1533 1576 1633 1640 Ad
1683 1576 1871 1659 hujus
1918 1597 2128 1640 versus
2169 1576 2546 1641 solutionem
2590 1575 2736 1639 illu-

382 1683 703 1746 strandam
760 1681 1036 1745 sufficiat
1097 1682 1388 1746 brevibus
1443 1683 1762 1765 repetiisse
1820 1706 1911 1760 ea,
1970 1706 2130 1767 quae
2191 1684 2258 1746 in
2314 1683 2502 1766 primi
2564 1684 2738 1766 pedis

382 1789 797 1853 solutionibus
873 1790 1129 1871 exposui
1209 1788 1317 1869 (cf.
1391 1812 1452 1871 p.
1508 1789 1639 1870 10).
1754 1790 1950 1854 Plane
2028 1790 2197 1854 enim
2279 1790 2579 1854 abhorret
2656 1792 2735 1854 ab

386 1895 828 1977 Aristophanis
874 1895 940 1958 in
988 1895 1247 1976 pedibus
1278 1895 1588 1959 solvendis
1636 1896 1900 1974 ratione,
1948 1919 2143 1980 pausa
2173 1898 2460 1981 quamvis
2507 1897 2736 1979 pusilla

384 2003 659 2066 dividere
716 2023 819 2065 eas
881 2001 1186 2085 syllabaS,
1245 2024 1406 2085 quae
1466 2025 1606 2066 cum
1670 2003 1854 2066 unius
1914 2001 2143 2085 longae
2203 2003 2404 2066 vicem
2458 2007 2735 2081 teneant,

384 2113 611 2173 natura
668 2130 740 2171 ac
797 2112 997 2171 metro
1053 2107 1395 2172 arctissime
1450 2109 1930 2191 conjungendae
1984 2115 2151 2175 sunt.
2245 2107 2468 2191 Itaque
2524 2108 2736 2191 aliquo

383 2217 566 2281 modo
632 2220 833 2280 metro
893 2217 1243 2279 sanandum
1311 2237 1440 2280 esse
1504 2216 1792 2280 existimo
1857 2219 2044 2299 atque
2112 2216 2398 2300 equidem
2465 2218 2735 2280 maxime

383 2324 569 2387 velim
625 2322 1151 2404 interpunctionis
1206 2323 1593 2407 insequentis
1640 2323 1702 2386 vi
1750 2327 1814 2386 et
1859 2322 2095 2387 auxilio
2150 2322 2543 2387 trochaicam
2591 2327 2735 2391 πῶς

384 2431 506 2513 γάρ
554 2429 922 2494 elocutionis
971 2430 1328 2493 mensuram
1373 2430 1779 2512 spondaicam
1825 2431 2100 2495 reddere.
2195 2430 2409 2507 Qualis
2465 2430 2733 2513 produc-

383 2540 571 2602 tionis
616 2542 858 2603 certum
900 2537 1252 2621 exemplum
1300 2538 1432 2620 ipse
1467 2538 1815 2622 Aeschylus
1862 2541 2124 2621 praebet
2168 2540 2232 2603 in
2269 2537 2552 2622 Choeph.
2583 2539 2734 2615 655,

384 2645 553 2709 aliud
600 2646 1025 2709 indubitatum
1073 2643 1531 2727 Aristophanes
1577 2647 1645 2708 in
1693 2646 1876 2710 Pacis
1924 2669 2104 2711 versu
2137 2648 2265 2711 663
2315 2645 2436 2709 εἷεν
2484 2646 2734 2723 ἀκούω,

383 2752 483 2816 cui
530 2752 876 2835 adjungam
924 2775 981 2815 v.
1022 2753 1192 2816 1284
1240 2751 1361 2816 εἷεν
1409 2753 1776 2835 ἐκόρεσθεν.

949 2945 1110 3013 VII.
1176 2946 1278 3013 De
1327 2945 1642 3033 dactylis
1686 2945 1897 3014 tertii
1944 2946 2170 3034 pediS.

562 3089 901 3154 Caesuram
933 3089 1450 3172 semiquinariam
1498 3090 1729 3152 mirum
1775 3112 1902 3153 non
1937 3094 2031 3153 est
2068 3090 2195 3153 vim
2238 3112 2309 3153 ac
2348 3094 2736 3154 momentum

381 3197 572 3261 etiam
632 3196 700 3260 in
747 3196 1140 3279 dactylorum
1202 3197 1324 3261 huc
1372 3196 1733 3261 cadentium
1788 3197 2005 3260 formis
2066 3197 2386 3280 praebere.
2480 3197 2734 3262 Etenim

382 3304 569 3386 longe
632 3303 908 3366 maxima
967 3324 1112 3385 pars
1172 3303 1563 3386 dactylorum
1613 3304 1952 3366 divisorum
2015 3305 2107 3367 ita
2164 3304 2434 3367 formata
2490 3308 2598 3382 est,
2664 3307 2736 3366 ut

381 3410 574 3494 longa
620 3410 864 3494 syllaba
896 3410 1285 3492 exprimatur
1330 3409 1633 3493 longioris
1665 3409 1955 3474 vocabuli
1997 3409 2219 3474 ultima
2251 3409 2513 3494 syllaba,
2561 3409 2735 3492 prior

382 3518 590 3583 brevis
649 3517 893 3602 syllaba
954 3517 1431 3601 monosyllabon
1495 3517 1824 3581 continens
1885 3515 2144 3581 alteram
2207 3517 2463 3582 inchoet
2524 3538 2734 3580 versus

383 3628 644 3708 partem.
754 3621 976 3706 Neque
1041 3644 1187 3687 vero
1250 3645 1460 3687 severe
1521 3624 1827 3687 studuisse
1891 3623 2414 3706 Aristophanem,
2479 3626 2549 3685 ut
2613 3623 2732 3685 hac

384 3733 687 3796 divideret
732 3751 978 3795 versum
1037 3752 1311 3809 caesura,
1370 3752 1447 3795 ex
1502 3752 1574 3794 eo
1632 3733 1914 3813 apparet,
1973 3730 2139 3814 quod
2198 3729 2441 3813 saepius
2499 3728 2732 3813 dactyli

383 3837 574 3919 longa
631 3836 1062 3920 monosyllaba
1108 3858 1259 3901 voce
1315 3859 1602 3919 expressa
1648 3841 1741 3900 est
1794 3858 1918 3901 non
1977 3859 2120 3901 cum
2177 3837 2581 3901 antecedente
2627 3836 2731 3900 sed

385 3966 524 4007 cum
573 3948 990 4028 consequente
1037 3946 1227 4008 verbo
1275 3944 1733 4026 conjungenda.
1829 3942 1962 4009 Nos
2009 3944 2261 4027 quidem
2317 3944 2435 4007 hoc
2481 3965 2732 4027 quoque

382 4049 520 4114 loco
551 4051 613 4114 id
656 4056 905 4115 tantum
939 4055 1222 4115 nostrum
1256 4073 1384 4115 esse
1416 4051 1794 4133 putavimuS,
1845 4054 1914 4114 ut
1948 4051 2437 4133 Aristophanem
2473 4049 2731 4113 demon-

382 4161 646 4222 stremus
702 4181 1046 4242 numquam
1095 4159 1246 4221 duas
1292 4157 1563 4241 syllabas
1621 4159 1835 4222 breves
1882 4159 2037 4222 arsis
2083 4161 2366 4240 tempora
2414 4157 2732 4239 explentes

383 4265 888 4347 interpunctione
922 4272 1034 4330 aut
1070 4265 1194 4329 alia
1233 4265 1579 4329 sententiae
1626 4287 1822 4348 pausa
1865 4265 2155 4343 dividere,
2202 4264 2396 4327 immo
2441 4263 2732 4329 omnibus
