3250 5000
1460 267 1850 329 ...8.-

485 462 668 543 φέρε·
734 462 805 524 σε’
865 461 1048 523 κύσω
1106 464 1176 524 ut
1231 460 1448 525 breves
1508 460 1787 544 syllabae
1848 461 2074 543 longae
2138 460 2273 524 loco
2337 462 2573 543 positae
2635 461 2831 526 inter-

485 567 822 650 punctione
892 567 1304 650 sejungantur
1380 572 1569 651 atque
1646 567 2083 632 dilacerentur.
2195 565 2437 631 Solutio
2511 567 2832 632 simillima

488 675 758 739 occurrit
802 674 865 737 in
901 672 1072 738 Nub.
1107 697 1164 737 v.
1198 675 1346 752 238,
1395 675 1446 738 si
1496 674 1799 755 probatur
1832 673 2218 739 Ravennatis
2251 673 2513 737 aliorum
2549 674 2831 739 codicum

486 781 670 846 lectio
718 781 816 844 ἵνα
863 805 945 862 με
995 781 1257 863 διδάξῃς
1311 781 1768 864 praebentium,
1826 804 2016 865 quam
2072 781 2403 845 lectionem
2453 803 2527 844 ex
2575 783 2833 846 metrica

488 888 747 965 ratione
790 909 916 950 non
978 888 1208 951 habere
1269 888 1335 950 in
1400 909 1524 970 quo
1580 888 1968 951 offendamus
2030 888 2331 971 exemplis
2386 910 2574 971 supra
2628 887 2833 952 allatis

488 995 641 1058 satis
695 993 936 1059 elucere
999 995 1155 1058 mihi
1216 995 1480 1058 videtur.
1575 994 1723 1058 Non
1770 996 1976 1059 minus
2035 1000 2203 1059 arcte
2266 1017 2454 1078 quam
2511 995 2835 1059 encliticae

488 1101 788 1184 proximis
845 1101 1046 1165 verbis
1101 1123 1232 1164 sese
1289 1102 1645 1184 adjungunt
1703 1103 1842 1184 μέν,
1894 1103 1982 1176 δέ,
2034 1102 2155 1184 γάρ
2213 1103 2559 1184 particulae
2614 1103 2677 1165 in
2738 1102 2836 1166 his

491 1230 780 1274 versuum
826 1208 1048 1272 initiis:
1102 1208 1262 1272 Ach.
1300 1210 1426 1273 754
1474 1209 1598 1271 ὅκα
1637 1210 1785 1291 μέν;
1834 1209 2006 1274 Nub.
2045 1211 2170 1274 792
2219 1211 2351 1272 ἄπο
2393 1210 2545 1291 γάρς
2595 1207 2715 1273 Av.
2754 1211 2834 1273 76

489 1315 628 1378 τοτὲ
688 1317 807 1396 μέν
873 1313 1250 1396 (Meinekius
1311 1316 1607 1397 proponit
1672 1316 1773 1378 ὅτε
1839 1314 2021 1397 μέν),
2090 1315 2258 1380 Eccl.
2312 1318 2438 1381 714
2504 1316 2618 1397 ἐμὲ
2682 1317 2836 1396 γάρ;

494 1422 660 1485 Plut.
697 1423 819 1486 887
871 1422 963 1484 ὅτι
1012 1422 1109 1499 δέ;
1166 1420 1286 1485 Av.
1329 1422 1446 1484 181
1499 1422 1588 1485 ὅτι
1641 1422 1713 1485 δέ
1759 1423 1950 1507 (quod
2012 1445 2137 1487 non
2185 1427 2277 1486 est
2331 1445 2441 1487 cur
2488 1446 2628 1488 cum
2678 1423 2837 1486 Din-

493 1529 708 1606 dorfi0,
757 1529 1056 1592 Richtero
1103 1527 1211 1610 (ad
1245 1527 1435 1611 Vesp.
1473 1527 1631 1608 853)
1679 1530 1745 1592 in
1788 1530 1921 1612 ὁτιή
1974 1530 2046 1593 δέ
2090 1529 2449 1609 mutemus),
2507 1528 2628 1593 Av.
2667 1532 2833 1594 1167

494 1639 594 1699 ἴσα
645 1637 784 1718 γάρ.
877 1635 1042 1700 Huic
1090 1636 1553 1701 tribrachorum
1601 1637 2075 1702 formandorum
2107 1638 2337 1702 rationi
2385 1641 2604 1719 utpote
2651 1638 2836 1721 plane

493 1749 824 1827 cognatam
879 1744 1091 1807 statim
1148 1744 1510 1827 adjungam,
1568 1766 1759 1827 quam
1815 1745 1880 1808 in
1930 1743 2119 1827 Vesp.
2170 1767 2229 1808 v.
2264 1747 2302 1808 3
2359 1744 2625 1828 legimus
2670 1744 2838 1809 solu-

495 1852 728 1915 tionem
774 1850 980 1913 κακόν
1026 1852 1174 1932 ἄρα,
1228 1851 1460 1935 quippe
1515 1851 1580 1915 in
1631 1874 1756 1935 qua
1812 1851 1969 1915 illud
2016 1853 2143 1934 ἄρα
2203 1873 2330 1915 non
2386 1852 2590 1915 minus
2637 1856 2839 1916 artam

494 1959 707 2041 exigat
739 1959 1267 2041 conjunctionem,
1319 1980 1506 2042 quam
1542 1981 1697 2042 quas
1746 1959 1928 2023 modo
1961 1958 2286 2023 attulimus
2317 1959 2575 2023 voculae
2621 1980 2840 2022 mono-

494 2065 792 2150 syllabae.

673 2172 975 2236 Dissimili
1038 2172 1222 2236 modo
1277 2172 1655 2236 conformati
1708 2175 1856 2235 sunt
1917 2171 2223 2235 tribrachi
2280 2194 2316 2235 a
2371 2171 2681 2256 bisyllaba
2738 2194 2840 2235 or-

496 2280 734 2345 dientes
795 2279 1285 2361 praepositione,
1343 2278 1558 2362 quales
1619 2300 1731 2360 per
1787 2281 2022 2342 ceteros
2079 2300 2326 2362 quoque
2386 2301 2598 2343 omnes
2659 2279 2843 2361 pedes

496 2387 867 2451 invenimus,
959 2385 1183 2470 Neque
1241 2408 1387 2451 vero
1446 2386 1508 2453 in
1569 2386 1656 2450 eis
1717 2386 2141 2464 haerebimUS,
2205 2409 2347 2450 cum
2407 2387 2601 2469 ipsius
2660 2408 2843 2468 prae-

499 2495 819 2578 positionis
877 2519 1018 2560 cum
1081 2495 1446 2579 insequente
1502 2516 1646 2559 casu
1705 2493 2048 2559 arctissimo
2114 2517 2280 2559 nexu
2337 2494 2487 2558 satis
2551 2492 2844 2576 praesidii

496 2605 633 2668 fieri
680 2604 975 2667 solutioni
1005 2604 1220 2666 statim
1267 2602 1727 2685 intellegamus
1822 2600 1964 2665 Huc
1995 2600 2333 2665 referendi:
2383 2600 2547 2684 Equ.
2581 2623 2639 2664 v.
2674 2601 2842 2664 1008

497 2712 643 2794 περὶ
688 2711 1245 2792 Λακεδαιμονίων,
1296 2709 1485 2792 Vesp.
1526 2710 1695 2773 1199
1746 2708 1847 2771 ἐπὶ
1892 2708 2213 2792 νεότητος;
2262 2730 2447 2791 porro
2498 2708 2639 2791 Lys.
2677 2709 2838 2772 1101

500 2820 600 2883 ἐπὶ
645 2820 725 2897 τί;
775 2818 1027 2882 Thesm.
1064 2818 1192 2881 489
1241 2816 1417 2899 παρὰ
1465 2816 1590 2879 τὸν.

678 2925 960 2990 Secundo
1023 2925 1159 2989 loco
1223 2925 1656 3008 perquiramus
1717 2944 1818 2986 eos
1878 2922 2257 3000 tribrachos,
2320 2944 2588 3005 quorum
2651 2921 2847 2986 altera

502 3034 705 3100 brevis
750 3032 994 3116 syllaba
1034 3030 1582 3113 comprehenditur
1627 3028 1848 3094 vocula
1896 3028 2348 3113 monosyllaba.
2445 3030 2565 3093 Hic
2597 3051 2846 3113 quoque

499 3138 846 3217 solutioniS,
895 3160 1083 3222 quam
1119 3136 1556 3219 Aristophanis
1596 3135 1918 3220 propriam
1952 3158 2079 3200 esse
2113 3136 2402 3215 diximus,
2450 3158 2673 3219 nempe
2708 3138 2846 3218 μέν,

504 3249 591 3320 δέ,
650 3247 771 3328 γάρ
834 3245 1178 3328 particulas
1239 3245 1304 3308 in
1363 3244 1564 3309 altera
1619 3244 1863 3329 syllaba
1927 3244 2238 3321 habentiS,
2300 3244 2607 3326 imprimis
2665 3266 2848 3308 accu-

501 3356 697 3418 ratius
761 3354 1130 3436 indagemus
1192 3352 1492 3435 exempla.
1586 3351 1799 3434 Atque
1860 3352 2027 3414 inter
2083 3349 2415 3414 articulum
2472 3350 2726 3433 quidem
2789 3355 2893 3412 et⁴

501 3462 961 3526 substantivum
1006 3461 1414 3525 inveniuntur
1461 3458 1579 3523 hae
1624 3457 1969 3542 particulae
2016 3458 2083 3523 in
2138 3458 2237 3522 his
2283 3458 2462 3522 locis:
2524 3458 2682 3522 Ach.
2720 3458 2847 3521 813

501 3569 609 3633 τὸν
654 3568 774 3650 μὲν
820 3569 1062 3650 ἕτερονς
1113 3567 1258 3631 Pac.
1297 3567 1424 3630 548
1473 3567 1509 3629 ὁ
1559 3565 1628 3629 δὲ
1671 3566 2182 3648 ὃρεπανοῦργοςς
2233 3564 2354 3629 Av.
2394 3565 2561 3628 1118
2609 3564 2682 3627 τὰ
2732 3564 2850 3643 μὲν

504 3679 663 3759 ἴερα,
715 3676 883 3739 1583
931 3675 1005 3737 τὰ
1056 3675 1125 3738 δὲ
1173 3675 1362 3757 >apem
1415 3674 1578 3738 Plut.
1614 3674 1741 3738 687
1792 3674 1828 3736 ὅ
1861 3672 1983 3754 γὰρ
2018 3672 2241 3754 ἱερεύς,
2294 3673 2420 3735 696
2469 3671 2504 3733 ὁ
2555 3670 2623 3733 δὲ
2664 3670 2848 3747 θεόςς

506 3782 762 3866 Fragm.
803 3783 924 3846 186
982 3782 1018 3844 ὁ
1068 3781 1137 3844 δὲ
1192 3780 1483 3863 μεθύων.
1575 3778 1896 3844 Nimirum
1953 3802 2131 3844 voces
2191 3779 2286 3843 his
2344 3777 2577 3843 voculis
2633 3799 2851 3841 mono-

505 3889 759 3973 syllabis
805 3891 1173 3974 conjunctas
1220 3890 1565 3953 sententiae
1611 3889 1673 3952 vi
1722 3889 1900 3972 quasi
1957 3888 2022 3951 in
2083 3910 2278 3951 unum
2325 3885 2665 3950 coalescere
2714 3907 2850 3948 ver-

507 3999 657 4062 bum
691 3996 1144 4079 Aristophanes
1175 3997 1459 4079 sumpsit,
1505 3997 1596 4059 ita
1643 3999 1714 4059 nt
1759 4018 1885 4059 non
1933 3995 2185 4060 timeret
2230 3993 2353 4058 alia
2385 4014 2634 4077 quoque
2665 4015 2850 4057 voca-

508 4104 656 4168 bula
702 4104 787 4168 eis
835 4104 1215 4188 conjungere
1263 4107 1333 4167 ut
1377 4102 1567 4186 Vesp.
1607 4104 1776 4168 1374
1823 4103 1881 4165 τί
1925 4102 1994 4166 δὲ
2040 4101 2110 4165 τὸ
2156 4101 2384 4184 μέλανς
2435 4099 2688 4163 Thesm.
2724 4100 2849 4163 361

508 4212 566 4275 τί
626 4210 694 4274 δὲ
755 4210 912 4292 μετὰ
973 4217 1176 4275 τοῦτο.
1270 4210 1411 4276 Uno
1473 4213 1720 4275 tantum
1789 4210 1924 4275 loco
1986 4208 2292 4272 tribrachi
2352 4206 2553 4271 altera
2612 4205 2853 4291 syllaba
