3250 5000
1340 318 1779 381 ..35-

358 516 475 590 ut,
543 534 653 577 cur
714 510 1169 595 Aristophanes
1230 513 1372 578 illos
1432 517 1563 578 tam
1626 513 1924 597 impedite
1985 514 2385 595 procedentes
2450 512 2733 597 elegerit,

356 620 556 685 nullo
602 621 788 686 modo
833 619 1119 704 intellegi
1166 622 1379 703 possit.

518 726 707 815 =Non
768 728 971 791 minus
1025 732 1347 810 suspectus
1403 731 1514 792 aut
1571 728 1876 791 editorum
1934 728 2473 795 emendationibus
2529 729 2735 795 minus

358 839 657 899 tentatus
706 839 799 898 est
845 833 1015 900 Nub.
1052 857 1108 900 v.
1146 837 1272 899 663
1323 834 1715 916 ἀλεκτρυόνα
1756 834 1918 897 κατὰ
1958 835 2146 898 ταύτὸ
2185 835 2294 901 καὶ,
2328 834 2437 898 τὸν
2474 836 2732 917 ἄρρενα.

361 939 537 1006 Cum
578 940 856 1006 Porsono
902 941 1303 1006 scribendum
1348 943 1633 1006 videatur
1673 941 2028 1024 ἆλεκτρυῶ,
2075 941 2430 1007 Meinekius
2476 940 2736 1024 conjicit

364 1049 695 1130 ἀλέκτορα
753 1047 915 1112 κατὰ
963 1048 1170 1112 ταύτὸ.
1263 1047 1425 1112 Illud
1475 1049 1913 1133 rejiciendum,
1978 1051 2142 1134 quod
2192 1049 2479 1115 Socrates
2525 1047 2734 1132 quoti-

362 1156 629 1220 dianam
677 1155 921 1220 dicendi
968 1156 1236 1221 formam
1285 1156 1645 1239 vituperans
1681 1157 1928 1240 vulgari
1976 1157 2181 1223 forma
2232 1157 2321 1221 uti
2364 1157 2568 1234 debet,
2615 1155 2735 1220 hoc

366 1285 545 1327 cum.
585 1262 730 1326 inde
788 1262 993 1346 jambi
1027 1262 1276 1327 vsolutio
1333 1262 1575 1326 oriatur
1631 1265 1713 1328 ab
1758 1262 2225 1347 Aristophanea
2288 1262 2735 1329 consuetudine

367 1369 566 1453 plane
612 1369 977 1434 abhorrens,
1048 1368 1294 1433 Vitium
1343 1391 1554 1434 versus
1599 1370 1796 1436 latere
1843 1373 1909 1435 in
1956 1371 2161 1436 verbis
2208 1369 2372 1435 κατὰ
2417 1374 2606 1433 ταῦτο
2654 1369 2736 1432 ab

370 1477 518 1541 aliis
543 1477 858 1541 codicibus
890 1476 1073 1540 aliter
1096 1476 1363 1559 scripti3‚
1389 1499 1550 1559 quae
1575 1478 2009 1564 dittographia
2035 1479 2328 1543 abierunt
2356 1478 2424 1542 in
2454 1477 2541 1555 id,
2568 1476 2736 1561 quod

375 1584 435 1648 R
485 1589 548 1647 et
592 1584 724 1648 fere
771 1606 984 1648 omnes
1042 1585 1282 1648 habent
1335 1586 1710 1666 καταταῦτό,
1768 1590 1968 1651 metro
2022 1585 2223 1650 invito
2269 1589 2334 1649 et
2378 1584 2738 1648 abundante

375 1690 690 1774 particula
735 1714 801 1753 τε
847 1713 933 1755 vs.
969 1691 1123 1768 662,
1179 1691 1418 1773 primus
1462 1690 1777 1756 intellexit
1822 1691 2226 1755 Hermannus
2274 1694 2464 1773 atque
2510 1689 2737 1754 codicis

380 1797 549 1863 Flor.
593 1796 654 1860 Φ
697 1798 1069 1880 scripturam
1119 1797 1393 1879 probans
1440 1799 1766 1880 proposuit
1811 1799 1921 1861 καὶ
1965 1798 2153 1861 ταύτὸ
2200 1796 2618 1874 scribendum,
2673 1796 2735 1865 id

376 1903 547 1987 quod
610 1903 984 1973 recentiores
1046 1904 1311 1967 editores
1373 1907 1445 1968 ut
1501 1904 1812 1985 Kockius‚
1870 1906 2267 1990 BlaydesiuS‚
2330 1904 2739 1981 Leeuwenius

378 2010 656 2094 recipere
717 2032 842 2073 non
907 2010 1376 2090 dubitaverunt,
1441 2033 1582 2076 cum
1633 2034 1845 2076 versus
1898 2013 2106 2077 sensui
2166 2013 2254 2076 sic
2311 2011 2738 2077 consuleretur

381 2140 507 2181 non
558 2119 764 2182 minus
811 2140 1003 2201 quam
1050 2123 1271 2183 metm.

559 2225 909 2288 Maximum
973 2230 1179 2289 autem
1244 2225 1526 2290 laborem
1591 2230 2113 2310 consumpserunt
2173 2225 2377 2290 critici
2436 2225 2505 2289 in
2569 2224 2736 2289 Plut.

379 2355 438 2395 v.
480 2333 643 2396 1011
705 2331 1034 2396 tractando
1095 2333 1161 2395 in
1224 2333 1509 2415 plurimis
1564 2334 1880 2398 codicibus
1939 2333 2027 2397 sic
2080 2333 2343 2397 tradito:
2405 2332 2739 2415 νηττάριον

381 2441 462 2502 ἂν
509 2438 617 2503 καὶ
665 2439 926 2522 φάττιον
973 2440 1409 2521 ὑπεκορίζετο,
1457 2444 1528 2504 ut
1573 2444 1685 2505 aut
1731 2440 2319 2524 proceleusmaticus
2357 2439 2559 2523 jambi
2600 2438 2735 2504 loco

380 2546 619 2630 positus
673 2546 1008 2609 sumendus
1061 2546 1144 2610 sit
1199 2551 1311 2610 aut
1367 2547 1725 2612 tribrachus
1780 2552 2189 2629 anapaestum
2250 2547 2621 2611 antecedens
2675 2549 2739 2611 et

378 2654 469 2719 sic
528 2652 780 2730 incisus,
844 2656 916 2740 ut
976 2653 1056 2715 ab
1104 2653 1569 2736 Aristophanea
1626 2654 2073 2720 consuetudine
2129 2654 2316 2738 plane
2377 2653 2736 2718 abhorreat.

382 2762 588 2838 Quare
632 2781 846 2823 omnes
885 2759 964 2822 ad
1004 2781 1198 2823 unum
1242 2761 1507 2825 editores
1547 2783 1660 2825 suo
1691 2761 1833 2845 jure
1872 2783 2085 2825 versus
2122 2760 2436 2825 medelam
2471 2758 2739 2824 circum-

381 2870 739 2951 spexerunt.
821 2865 1020 2942 Quam
1080 2866 1334 2950 quidem
1395 2867 1503 2932 uni
1566 2871 2029 2951 proposuerunt
2090 2866 2427 2931 lectionem
2480 2865 2740 2947 φάττιον

385 2976 725 3057 ἐκορίζετο,
769 2996 864 3052 ea,
906 2996 1046 3037 cum
1094 2975 1240 3038 inde
1280 2974 1587 3039 tribrachi
1621 2975 1863 3040 oriatur
1903 2974 2122 3039 incisio
2161 2974 2242 3038 ab
2274 2973 2740 3056 Aristophanea

386 3080 832 3147 consuetudine
894 3080 1081 3163 plane
1146 3081 1381 3161 aliena,
1440 3105 1518 3146 ex
1582 3082 1848 3147 metrica
1908 3083 2152 3146 ratione
2216 3081 2563 3165 rejicienda
2628 3085 2738 3145 est.

388 3189 705 3253 Audacius
757 3210 948 3271 quam
1006 3188 1372 3270 prudentius
1421 3189 1734 3254 Porsonus
1790 3189 2063 3253 tentavit
2116 3189 2452 3271 νηττάριον
2502 3188 2737 3251 ὕπεκοφ

386 3298 570 3380 ρίζετ’
606 3297 687 3359 ἂν
733 3294 842 3357 καὶ
889 3295 1149 3377 φάττιον
1196 3295 1467 3361 Bentleii
1512 3298 1565 3361 si
1619 3297 1926 3380 recipiens
1972 3296 2420 3361 correctionem
2478 3295 2739 3376 φάττιον

385 3426 498 3488 pro
545 3404 781 3487 βάτιον.
877 3402 1159 3466 Palmam
1218 3403 1339 3468 hoc
1395 3405 1532 3469 loco
1591 3404 1850 3469 meritus
1895 3424 2026 3468 esse
2081 3402 2239 3466 mihi
2286 3400 2533 3466 videtur
2579 3398 2741 3463 Mei-

386 3511 628 3588 nekiuS‚
670 3510 778 3594 qui
820 3531 935 3591 pro
978 3510 1239 3592 φάττιον
1269 3511 1668 3580 scribendum
1712 3512 2008 3594 proponit
2046 3510 2287 3591 φάβιον
2329 3506 2741 3590 (columbum,

385 3618 842 3683 deminutivum
875 3640 914 3681 a
946 3638 1093 3682 voce
1124 3617 1327 3700 φάψ),
1375 3624 1448 3683 ut
1484 3623 1548 3684 et
1587 3640 1802 3682 sensus
1841 3621 2093 3683 curetur
2137 3621 2200 3681 et
2247 3615 2489 3679 numeri
2538 3614 2739 3679 multo

386 3726 609 3791 melius
655 3724 992 3807 profluant.

566 3832 776 3895 Etiam
839 3831 1040 3914 magis
1103 3831 1385 3896 abundat
1443 3832 1805 3896 criticorum
1866 3829 2410 3895 emendationibus
2459 3826 2738 3893 Acharn.

391 3963 447 4005 v.
486 3941 635 4015 733,
685 3961 871 4022 quem
919 3937 987 4001 in
1034 3938 1320 4020 plurimis
1349 3938 1528 4001 libris
1574 3938 1663 4002 sic
1710 3937 2005 4021 legimus:
2057 3935 2367 4000 ἀκούετον
2408 3935 2507 4018 δή,
2554 3936 2739 3999 ποτέ-

390 4051 514 4129 χετ’
551 4046 692 4128 ἐμὶν
737 4045 852 4110 τὰν
898 4047 1188 4129 γαστέρα.
1267 4047 1403 4123 Quo
1447 4048 1514 4109 in
1562 4069 1744 4111 versu
1783 4067 1910 4110 non
1949 4045 2151 4108 solum
2194 4043 2495 4127 jugulato
2542 4047 2741 4108 metro

376 4154 766 4219 «offendimur
812 4155 918 4218 sed
965 4154 1151 4218 etiarn
1201 4174 1461 4217 numero
1508 4154 1684 4218 duali
1728 4151 1906 4217 verbi
1953 4150 2285 4229 ἀκούετον,
2333 4171 2474 4215 cum
2520 4149 2740 4231 Mega-

391 4263 589 4327 rensis
618 4261 685 4325 in
718 4261 1231 4327 antecedentibus
1262 4266 1325 4325 et
1355 4260 1880 4345 consequentibus
1912 4258 2129 4323 ambas
2159 4257 2387 4322 filiolas
2418 4256 2742 4341 alloquens
