3250 5000
1519 300 1915 368 ...4.-

540 495 600 564 Is
648 499 815 565 enim
870 498 1100 583 pedum
1154 498 1593 564 solvendorum
1648 503 1829 564 tanta
1887 521 2030 564 usus
2086 505 2178 565 est
2229 499 2503 580 licentia,
2561 504 2634 564 ut
2687 521 2884 585 paene

539 606 729 671 nullis
781 630 845 672 se
903 606 1254 672 cohibuisse
1303 607 1586 672 videatur
1639 605 1892 670 finibus.
1986 603 2356 671 Novissimis
2418 606 2667 671 demum
2722 610 2882 670 tem-

537 714 793 796 poribus
861 713 1211 778 accuratius
1279 713 1513 797 inquiri
1583 715 1872 795 coeptum
1937 717 2061 793 est,
2132 736 2435 797 quasnam
2502 712 2882 777 solutionum

538 821 770 885 formas
831 819 1103 884 maxime
1164 820 1472 884 amaverit
1534 824 1645 882 aut
1705 819 2019 884 vitaverit.
2111 819 2325 904 Atque
2382 819 2631 884 Curtius
2683 820 2882 883 Bern-

536 929 739 1012 hardy
785 927 1035 1011 quidem
1080 927 1145 989 in
1193 926 1642 1010 disceptatione
1699 926 1810 1005 „de
1855 927 2261 991 incisionibus
2300 928 2621 1009 anapaesti
2661 926 2882 991 comici

538 1032 957 1099 Graecorum“
1024 1033 1216 1117 (Acta
1278 1034 1589 1099 societatis
1653 1032 1872 1115 philol.
1934 1033 2271 1117 Lipsiensis
2302 1032 2353 1113 I,
2389 1035 2515 1097 245
2579 1032 2744 1117 sqq.)
2808 1033 2882 1096 de

536 1146 1014 1224 anapaestorum
1080 1163 1195 1205 usu
1261 1143 1714 1206 accuratiorem
1734 1138 1758 1170 ³²
1785 1139 2276 1223 disquisitionem
2347 1140 2623 1204 instituit
2693 1144 2881 1223 atque

533 1248 892 1328 solutione5‚
940 1270 1209 1332 quarum
1258 1247 1463 1313 adhuc
1510 1250 1626 1313 sub
1666 1247 1876 1331 judice
1920 1248 1998 1311 lis
2044 1251 2195 1325 erat,
2258 1247 2338 1311 ad
2385 1252 2585 1311 certas
2632 1268 2882 1310 normas

533 1357 795 1440 redegit.
892 1355 1131 1419 Deinde
1178 1355 1462 1421 homines
1510 1356 1676 1420 docti
1725 1353 2012 1419 dubitare
2060 1357 2422 1437 coeperunt,
2473 1375 2624 1417 num
2672 1353 2880 1418 feren-

534 1461 595 1524 di
644 1466 847 1526 essent
892 1462 1060 1546 apud
1106 1462 1597 1545 Aristophanem
1642 1464 1804 1526 ictus
1862 1460 1928 1525 in
1989 1461 2226 1525 ultimis
2272 1460 2629 1544 longiorum
2695 1482 2880 1524 voca-

533 1568 822 1632 bulorum
870 1568 1147 1653 syllabis.
1244 1570 1490 1634 Primus
1536 1571 1604 1633 in
1654 1569 1771 1633 hac
1817 1590 1884 1632 re
1922 1567 2208 1650 Engerus
2242 1566 2681 1649 Aristophanis
2729 1589 2878 1630 con-

531 1677 923 1741 suetudinem
986 1699 1199 1741 eruere
1259 1680 1516 1741 conatus
1579 1681 1672 1740 est
1733 1675 1825 1759 (in
1893 1673 2426 1759 disputatiuncula
2489 1673 2656 1752 „Der
2709 1672 2878 1739 Ictus

531 1781 646 1845 auf
685 1783 793 1846 der
839 1784 1076 1847 kurzen
1123 1784 1348 1848 ultima
1391 1785 1558 1849 eines
1604 1783 2058 1866 mehrsilbigen
2096 1780 2348 1845 Wortes
2386 1781 2473 1844 im
2513 1781 2877 1845 komischen

530 1887 870 1966 Trimeter‚
929 1889 1090 1953 MuS.
1141 1890 1348 1954 Rhen.
1382 1888 1558 1968 XIX,
1597 1890 1724 1953 134
1764 1887 1964 1972 sqq.)‚
2018 1888 2124 1951 sed
2180 1909 2322 1952 cum
2379 1887 2683 1950 nonnulla
2736 1910 2876 1950 eum

530 1995 811 2079 fugerint
843 1996 1148 2079 exempla,
1197 2018 1422 2061 manca
1454 2001 1546 2060 est
1575 1997 1711 2079 ejus
1744 1995 2026 2080 quaestio
2068 2016 2269 2078 neque
2302 1994 2615 2058 erroribus
2654 1992 2876 2072 libera,

529 2125 683 2186 quos
740 2125 850 2185 per
896 2103 1393 2187 disquisitionem
1450 2126 1657 2167 meam
1703 2103 1830 2166 suis
1885 2101 2035 2166 locis
2082 2102 2393 2184 detegam.
2488 2100 2583 2163 De
2638 2099 2877 2164 cunctis

529 2209 970 2291 Aristophanis
1000 2209 1416 2273 solutionibus
1461 2209 1701 2292 primus
1734 2209 2165 2292 quaestionem
2205 2208 2477 2271 instituit
2507 2205 2876 2289 Rumpelius

531 2313 622 2396 (in
670 2315 992 2380 Leutschii
1038 2316 1374 2400 Philologo
1405 2314 1711 2393 XXVIII,
1746 2318 1874 2380 599
1919 2315 2085 2400 sqq.)
2132 2315 2236 2379 sed
2292 2316 2404 2393 ita,
2461 2319 2531 2377 ut
2585 2335 2875 2378 numeros

529 2424 729 2508 magis
761 2423 1140 2488 solutionum
1176 2446 1367 2509 quam
1404 2423 1686 2489 solvendi
1732 2423 2037 2487 rationem
2088 2424 2600 2505 perscrutaretur.
2681 2420 2875 2484 Deni-

526 2554 647 2615 que
710 2532 1254 2595 commemoranda
1317 2536 1409 2595 est
1454 2531 1829 2614 Widegreni
1879 2528 2288 2612 Upsaliensus
2353 2528 2690 2611 disputatio
2762 2527 2874 2607 „de

524 2659 786 2701 numero
834 2642 896 2701 et
952 2638 1449 2702 conformatione
1502 2638 1736 2720 pedum
1789 2636 2134 2702 solutorum
2193 2637 2259 2699 in
2319 2636 2580 2699 senariis
2629 2634 2872 2698 Aristo-

524 2744 823 2828 phaneis“
893 2742 1216 2827 (Upsaliae
1281 2744 1503 2828 1868).
1605 2744 1729 2809 Hic
1789 2765 2038 2828 quoque
2099 2743 2332 2807 similes
2395 2746 2644 2806 tantum
2703 2762 2900 2805 com--

525 2873 761 2934 ponens
806 2851 1144 2916 solutiones
1170 2852 1445 2936 aliquam
1493 2875 1569 2917 ex
1602 2851 2047 2934 Aristophanis
2094 2849 2324 2914 fabulis
2370 2849 2647 2913 solvendi
2679 2850 2872 2913 ratio-

522 2982 665 3023 nem
714 2957 1081 3023 eliciendam
1137 2958 1276 3022 aliis
1323 2959 1545 3036 tradit3
1605 2961 1931 3040 praeterea
1985 2956 2265 3039 dactylos
2320 2957 2386 3020 in
2444 2955 2872 3039 quaestionem

523 3086 648 3129 non
715 3070 917 3129 vocat.
1027 3065 1417 3149 Quamquam
1486 3065 1555 3129 hi
1618 3065 1783 3128 docti
1842 3065 1980 3148 jam
2042 3064 2312 3127 multum
2374 3064 2656 3128 laborem
2721 3086 2871 3128 con-

520 3176 916 3255 sumpserant
969 3172 1031 3234 in
1081 3171 1548 3255 Aristophaneo
1607 3176 1808 3236 metro
1865 3172 2306 3254 pertractando
2363 3177 2552 3254 atque
2610 3171 2871 3234 interius

521 3279 981 3362 cognoscend0‚
1044 3285 1257 3345 tamen
1319 3302 1462 3344 cum
1524 3278 1651 3342 alia
1706 3279 1894 3342 etiarn
1954 3281 2282 3342 manerent
2335 3279 2526 3342 dubia
2586 3300 2872 3361 novaque

522 3391 952 3468 exspectarent
1005 3388 1240 3465 studia,
1303 3386 1427 3450 alia
1483 3386 1582 3450 vel
1642 3386 1827 3449 nimis
1890 3386 2184 3450 audacter
2242 3384 2342 3449 vel
2403 3406 2652 3467 prorsus
2715 3384 2869 3449 false

521 3492 677 3556 mihi
741 3493 1101 3558 viderentur
1170 3494 1605 3577 pronuntiata,
1674 3513 1901 3575 operae
1964 3493 2238 3575 pretium
2305 3514 2433 3556 esse
2498 3492 2868 3571 existimavi,

521 3600 723 3663 denuo
768 3622 899 3663 rem
949 3622 1139 3682 quam
1187 3599 1461 3663 maxima
1507 3598 1840 3682 diligentia
1885 3603 2271 3681 pertractare
2317 3602 2508 3682 atque
2558 3599 2868 3682 imprimis

518 3705 915 3790 investigare,
943 3706 1319 3788 quibusnam
1353 3706 1823 3771 condicionibus
1849 3705 2304 3790 Aristophanes
2336 3706 2564 3789 longae
2596 3705 2868 3790 syllabas

519 3813 759 3877 duobus
807 3812 1009 3877 verbis
1056 3814 1332 3879 tribuere
1379 3814 1497 3878 sibi
1555 3815 1928 3895 permiserit.
2022 3814 2318 3898 Namque
2375 3835 2569 3896 usque
2615 3814 2692 3876 ad
2751 3813 2867 3877 hoc

517 3923 762 4002 tempus
807 3920 875 3983 in
921 3919 1403 4004 Aristophaneis
1457 3919 1609 3983 locis
1659 3922 2062 3986 emendandis
2109 3922 2381 3985 maxime
2427 3941 2499 3983 eo
2555 3922 2864 4002 peccatur,

517 4026 684 4109 quod
732 4027 899 4091 hunc
947 4032 1198 4110 poetam
1244 4049 1458 4092 omnes
1505 4029 1785 4093 omnium
1833 4049 2136 4112 generum
2173 4027 2511 4091 solutiones
2556 4026 2676 4089 sibi
2723 4049 2864 4109 per-

517 4133 751 4199 misisse
799 4157 999 4219 neque
1032 4135 1319 4220 rhythmi
1365 4134 1667 4218 majorem
1701 4158 1915 4200 curam
1957 4135 2248 4200 habuisse
2291 4132 2573 4198 homines
2608 4133 2863 4216 quidam

515 4242 679 4306 docti
728 4242 1106 4306 existimant.
1203 4245 1413 4326 Atque
1458 4243 1608 4306 satis
1656 4243 2036 4325 praestitisse
2087 4241 2240 4305 mihi
2292 4240 2519 4319 videor,
2568 4241 2619 4303 si
2666 4244 2865 4304 certas
