3250 5000
1484 269 1921 381 430-

705 511 852 576 Jam
897 512 1195 575 accedens
1242 511 1319 575 ad
1366 512 1707 577 solutiones
1738 512 2203 590 examinandae,
2252 534 2519 595 quarum
2567 514 2635 576 in
2682 513 2880 577 altera

528 618 775 702 syllaba
820 618 1068 702 longius
1098 619 1475 683 terminatur
1504 619 1902 698 vocabulum,
1950 620 2104 683 illud
2147 620 2304 684 mihi
2345 622 2878 703 praemonendum

528 746 657 788 esse
686 726 954 804 videtur,
978 724 1173 789 talem
1203 726 1396 810 hujus
1426 726 1601 810 pedis
1632 725 1912 790 solvendi
1943 726 2248 791 rationem
2281 749 2355 791 eo
2388 728 2589 810 magis
2619 726 2878 803 habere,

526 831 594 893 in
641 852 767 914 qua
813 832 1219 909 offendamuS‚
1268 855 1408 896 cum
1456 833 1939 916 semiquinariae
1986 854 2278 897 caesurae
2329 834 2601 897 maxime
2645 855 2879 916 repug-

528 944 712 1017 nent,
778 961 966 1023 quam
1035 940 1111 1003 ad
1178 939 1350 1021 pedis
1411 939 1751 1003 solutiones
1817 961 1944 1003 non
2009 940 2338 1004 minimum
2403 939 2670 1005 valuisse
2733 940 2881 1004 inde

528 1044 770 1109 elucere
816 1045 973 1109 mihi
1006 1047 1267 1121 videtur,
1317 1045 1485 1129 quod
1531 1046 1722 1129 longe
1769 1047 2044 1110 maxima
2086 1069 2230 1130 pars
2261 1048 2675 1131 dactylorum,
2723 1068 2879 1132 quos

529 1152 713 1215 modo
768 1153 1195 1231 tractavimus,
1252 1152 1591 1216 divisorum
1647 1153 1739 1216 ita
1785 1157 1878 1216 est
1933 1154 2349 1231 conformata,
2402 1158 2475 1217 ut
2527 1155 2592 1217 in
2648 1155 2879 1236 longae

527 1258 663 1323 loco
722 1260 1092 1323 terminetur
1151 1259 1402 1342 longius
1456 1259 1834 1324 vocabulum
1890 1265 2078 1344 atque
2139 1261 2313 1343 prior
2376 1262 2580 1325 brevis
2635 1260 2879 1345 syllaba

529 1388 731 1449 paene
791 1366 856 1428 in
923 1365 1212 1429 omnibus
1280 1366 1537 1430 omnino
1603 1366 2019 1431 solutionibus
2082 1368 2526 1450 conjungenda
2587 1369 2670 1430 sit
2737 1389 2880 1431 cum

527 1478 826 1557 sequente
886 1473 1095 1536 verbo.
1204 1472 1380 1548 Quod
1443 1474 1593 1555 quia
1658 1495 1909 1556 prorsus
1970 1473 2360 1558 neglegitur,
2422 1496 2565 1538 cum
2628 1473 2879 1557 longius

528 1581 791 1645 verbum
853 1580 919 1643 in
967 1579 1166 1642 altera
1212 1579 1443 1664 dactyli
1490 1579 1736 1664 syllaba
1790 1581 2186 1658 terminatur,
2249 1602 2374 1644 non
2438 1602 2689 1663 possum
2751 1602 2878 1644 non

528 1686 828 1768 ejusmodi
860 1685 1199 1750 solutiones
1231 1686 1311 1749 ab
1357 1687 1539 1749 initio
1585 1688 1650 1750 in
1691 1688 2106 1770 suspicionem
2143 1709 2383 1751 vocare.
2461 1687 2557 1751 Ac
2600 1688 2879 1770 primum

527 1793 778 1876 quidem
827 1791 986 1856 nulli
1017 1792 1221 1856 adhuc
1268 1793 1512 1857 homini
1543 1793 1761 1857 critico
1791 1800 2077 1877 suspecta
2123 1795 2453 1858 videbatur
2497 1793 2682 1857 lectio
2716 1794 2876 1857 Ran.

531 1923 587 1962 v.
620 1900 787 1963 1436
820 1901 1010 1981 ἥντιν’
1046 1901 1281 1981 ἔχετον,
1322 1901 1390 1963 in
1422 1923 1548 1983 quo
1583 1922 1733 1964 sane
1766 1902 2019 1984 quidem
2052 1901 2285 1985 dactyli
2316 1901 2591 1985 syllabas
2622 1901 2878 1965 elisione

529 2006 870 2070 arctissime
917 2007 1250 2070 cohaerere
1297 2007 1466 2071 haud
1512 2029 1696 2090 nego,
1774 2007 1896 2072 Sed
1927 2030 2071 2072 cum
2116 2008 2182 2071 in
2215 2010 2403 2072 tertio
2444 2009 2599 2091 pede
2630 2007 2878 2072 nullum

529 2133 731 2195 neque
778 2112 1085 2176 tribrachi
1129 2134 1334 2195 neque
1381 2113 1614 2196 dactyli
1645 2113 1850 2178 simile
1895 2115 2255 2179 inveniatur
2286 2116 2662 2197 exemplum,
2708 2114 2879 2179 haud

527 2219 654 2282 scio
685 2241 765 2282 an
798 2240 937 2284 meo
962 2218 1103 2301 jure
1135 2221 1507 2283 contendam
1545 2221 1911 2284 concinnius
1950 2224 2284 2303 procedere
2316 2244 2527 2286 versus
2566 2243 2877 2300 numeroS‚

528 2349 671 2389 cum
717 2330 961 2389 mutata
1014 2327 1347 2389 verborum
1403 2327 1815 2391 collocatione
1869 2329 2198 2391 scribimus
2244 2330 2435 2411 ἥντιν’
2470 2330 2687 2410 ἔχετον
2731 2327 2879 2407 περὶ

527 2441 636 2516 τῆς
682 2433 934 2503 πόλεως
982 2434 1318 2516 σωτηρίας,
1368 2438 1439 2498 ut
1483 2435 1549 2497 in
1598 2435 1874 2519 primum
1923 2437 2142 2519 pedem
2190 2436 2423 2500 talibus
2462 2436 2879 2499 solutionibus

528 2541 951 2604 abundantem
1019 2542 1472 2605 transferamus
1539 2542 1719 2606 illum
1791 2542 2129 2627 dactylum.
2238 2542 2442 2608 Simul
2509 2545 2877 2627 recepimUS‚

529 2669 716 2731 quam
747 2645 1079 2711 Wecklein
1109 2647 1177 2710 in
1210 2647 1425 2712 Museo
1458 2647 1664 2714 Rhen.
1692 2647 1933 2727 XXIII,
1960 2651 2085 2715 547
2121 2650 2417 2732 proponit
2448 2652 2874 2734 conjecturam

529 2755 849 2836 σωτηρίαν
903 2755 970 2816 in
1018 2756 1337 2836 σωτηρίας
1386 2757 1757 2820 mutandum
1806 2779 1935 2820 esse
1990 2756 2402 2839 probabiliter
2448 2757 2693 2822 docens,
2773 2756 2876 2820 Sic

529 2861 723 2925 habes
770 2884 983 2925 versus
1028 2866 1408 2926 structuram
1453 2864 1722 2928 similem
1769 2886 1843 2927 ac
1887 2864 1953 2926 in
2001 2864 2122 2928 Av.
2165 2887 2222 2927 v.
2262 2865 2453 2943 1588,
2500 2886 2687 2948 quem
2733 2886 2874 2928 cum

528 2967 773 3032 Kockio
827 2970 1224 3033 scribendum
1288 2992 1415 3034 esse
1475 2974 1770 3053 putamus
1817 2971 1962 3049 περὶ
2020 2977 2130 3032 τοῦ
2187 2972 2476 3052 πολέμου
2539 2972 2878 3054 διαλλαγῆς

530 3075 638 3156 (cf.
687 3098 833 3158 pag.
871 3077 1000 3156 18).

707 3182 854 3246 Alia
908 3182 1164 3247 insolita
1217 3183 1284 3246 in
1343 3183 1460 3246 hoc
1517 3185 1673 3266 pede
1723 3184 1903 3248 nobis
1960 3189 2207 3267 praesto
2255 3190 2347 3248 est
2393 3184 2626 3267 dactyli
2674 3186 2877 3249 forma

526 3289 590 3352 in
639 3288 811 3354 Eccl.
859 3313 918 3353 v.
954 3292 1083 3352 532
1145 3291 1278 3352 ἀλλ’
1317 3292 1480 3353 ἔστιν
1541 3291 1822 3353 ἐνταῦθά
1883 3316 1936 3354 τι
1998 3292 2226 3369 κακόν,
2289 3282 2479 3375 quam
2541 3291 2875 3357 lectionem

527 3396 906 3479 optimorum
962 3396 1248 3459 codicum
1304 3399 1644 3461 autoritate
1705 3397 2022 3460 firmatam
2082 3400 2397 3482 integram
2445 3399 2759 3482 Bergkius
2815 3405 2877 3464 et

526 3501 890 3566 Dindorfius
943 3503 1011 3566 in
1067 3505 1309 3566 textum
1366 3508 1757 3585 receperunt.
1850 3503 1993 3567 Jam
2058 3505 2297 3587 pridem
2353 3505 2421 3567 in
2477 3506 2648 3569 tertii
2703 3506 2876 3586 pedis

525 3609 833 3675 solutione
893 3610 1240 3672 offenderat
1286 3609 1574 3688 Bothius‚
1637 3612 1744 3694 qui
1808 3610 1930 3674 levi
1995 3611 2314 3694 corrigens
2377 3634 2571 3676 manu
2630 3611 2877 3695 scripsit

528 3717 790 3779 ἕνταυθί
854 3721 1062 3781 cetera
1124 3737 1335 3779 versus
1400 3717 1589 3780 verba
1656 3718 1896 3781 intacta
1963 3718 2344 3801 relinquens
2450 3718 2615 3782 Eum
2678 3719 2875 3782 secuti

525 3829 673 3884 sunt
703 3845 781 3887 ex
812 3823 1263 3887 recentioribus
1295 3823 1637 3888 editoribus
1667 3824 2019 3887 Meinekius
2051 3830 2114 3888 et
2141 3825 2507 3909 Blaydesius
2539 3825 2731 3888 nescii
2764 3823 2874 3887 tali

526 3931 711 3993 modo
757 3929 1081 3994 insolentis
1114 3929 1348 4014 dactyli
1379 3930 1517 3994 loco
1549 3937 1951 4015 anapaestum
2001 3932 2224 3995 inferri
2253 3934 2319 3995 in
2355 3955 2598 3995 versum
2633 3932 2874 3995 Aristo-

525 4035 810 4119 phaneae
865 4038 1299 4101 consuetudini
1356 4038 1547 4101 etiam
1604 4039 1808 4123 magis
1864 4045 2319 4123 repugnantem
2372 4037 2539 4119 (vide
2595 4039 2875 4121 disputa-

526 4144 759 4207 tionem
794 4143 993 4208 Curtii
1026 4145 1403 4208 Bernhardii
1442 4146 1578 4228 jam
1623 4148 1869 4229 saepius
1917 4146 2225 4227 citatam).
2306 4145 2545 4209 Eadem
2581 4147 2655 4211 de
2687 4167 2874 4209 causa

527 4252 741 4311 notam
806 4250 1035 4312 meruit
1089 4248 1358 4314 Cobetus
1421 4257 1484 4315 et
1543 4256 1652 4336 qui
1714 4254 1846 4335 ejus
1909 4253 2335 4335 conjecturam
2396 4252 2721 4335 amplexus
2784 4257 2875 4315 est
