3250 5000
1415 282 1812 343 ..9-

440 495 727 556 expressa
774 478 865 537 est
919 473 1141 539 vocula
1182 476 1263 539 ἄν
1309 474 1479 540 Eccl.
1529 498 1587 540 v.
1622 477 1754 540 474
1808 476 1860 539 si
1906 475 2291 542 Ravennatis
2345 481 2625 543 tenemus
2681 500 2784 542 or-

438 580 648 644 dinem
716 583 1050 646 verborum
1117 582 1212 645 30³
1263 586 1343 646 ἂν
1407 583 1645 659 ἀνόητα
1711 582 1772 665 χ’
1819 590 1862 666 ῆ
1925 588 2122 666 μῶρα
2193 585 2568 666 praebentis.
2663 582 2784 650 Sed

438 692 688 768 praeter
748 688 1064 752 insolitam
1120 692 1426 755 tribrachi
1485 691 1858 754 solutionem
1922 693 2111 755 verba
2164 695 2224 774 χ’
2259 699 2301 775 ῆ
2355 693 2786 757 demonstrant

438 794 504 858 in
568 795 685 860 hoc
748 818 926 859 versu
992 795 1225 879 aliquid
1287 797 1574 861 vitiatum
1629 819 1757 861 esse
1817 802 2007 880 atque
2063 799 2349 882 equidem
2408 801 2680 864 codicem
2729 800 2782 863 B

440 902 781 984 genuinam
827 903 1176 985 putaverim
1209 902 1505 967 exhibere
1538 926 1748 966 versus
1780 902 2072 983 formam,
2120 907 2298 989 cujus
2345 905 2527 970 lectio
2568 907 2781 990 ἀνόητ’

441 1007 537 1071 ὅσ’
572 1010 652 1071 ἂν
683 1008 791 1070 καὶ
821 1014 1017 1089 μῶρα
1066 1008 1252 1073 facile
1297 1010 1363 1072 in
1410 1009 1584 1073 illam
1622 1010 1949 1092 depravari
1997 1011 2222 1094 potuit.
2319 1014 2579 1077 Accedit
2618 1015 2785 1097 quod

439 1115 502 1178 in
553 1114 848 1178 codicilus
896 1115 948 1178 Τ
998 1119 1061 1179 et
1105 1115 1169 1179 N
1217 1116 1325 1178 καὶ
1370 1121 1673 1195 servatur,
1730 1118 1893 1200 quod
1944 1139 2055 1181 cur
2100 1141 2240 1182 cum
2287 1119 2575 1202 Bentlejo
2630 1121 2696 1183 in
2742 1124 2781 1202 ἢ

440 1227 751 1286 mutemus
797 1243 921 1284 non
955 1222 1127 1286 adest
1158 1223 1339 1286 ratio.
1419 1221 1734 1286 Tentandi
1781 1245 1906 1287 non
1952 1246 2080 1289 esse
2128 1224 2283 1288 mihi
2317 1225 2605 1290 videntur
2638 1225 2782 1292 Pac.

439 1351 498 1392 v.
538 1329 706 1392 1048
755 1332 816 1392 et
863 1327 1030 1392 Eccl.
1081 1352 1139 1392 v.
1176 1330 1301 1392 231
1351 1329 1409 1391 τί
1448 1331 1588 1392 ποτ’
1624 1330 1754 1410 ἄρα
1801 1330 1866 1392 in
1915 1330 2094 1393 initio
2134 1331 2518 1412 praebenteS‚
2567 1336 2785 1413 utpote

441 1437 505 1498 in
554 1458 679 1519 qua
725 1433 1033 1500 solutione
1091 1459 1211 1500 vox
1257 1438 1385 1518 ἄρα
1443 1437 1714 1500 maxime
1770 1437 2208 1521 conjungenda
2261 1439 2343 1502 sit
2396 1439 2785 1504 antecedenti

443 1544 630 1606 verbo
664 1546 726 1605 et
764 1542 883 1626 ipsi
916 1543 1281 1626 apostrophi
1315 1544 1376 1606 vi
1407 1564 1547 1607 cum
1589 1543 1959 1627 insequente
1993 1545 2282 1609 enclitica
2314 1548 2377 1609 et
2408 1568 2519 1609 sua
2558 1551 2786 1610 natura

442 1671 582 1713 curn
630 1651 1034 1714 antecedente
1080 1651 1139 1712 τί
1179 1650 1535 1732 conjunctO.

619 1755 1058 1839 Compluribus
1105 1757 1385 1821 versibus
1418 1757 1595 1820 —id
1645 1757 1812 1840 quod
1857 1758 1925 1821 in
1971 1758 2190 1822 ceteris
2231 1780 2479 1842 quoque
2525 1759 2786 1841 pedibus

441 1868 725 1928 occurret
769 1900 857 1909 —
906 1863 1338 1948 monosyllaba
1383 1855 1645 1927 alteram
1695 1863 1904 1946 explet
1953 1866 2223 1943 brevem,
2271 1887 2433 1948 quae
2466 1886 2784 1948 gramma-

440 1972 567 2035 tica
626 1970 765 2053 lege
827 1973 1110 2054 proxime
1171 1971 1490 2054 pertinens
1537 1971 1613 2034 ad
1673 1969 2104 2053 insequentem
2162 1993 2377 2036 vocem
2433 1970 2544 2036 tali
2603 1973 2785 2037 modo

440 2078 767 2143 solutionis
814 2079 1104 2143 duritiem
1148 2078 1406 2143 emollit.
1500 2076 1604 2140 An
1654 2079 1771 2142 hoc
1819 2080 2039 2162 negari
2086 2083 2311 2162 potest,
2359 2102 2501 2144 cum
2538 2082 2789 2146 articuli

444 2188 659 2250 breves
706 2186 945 2251 formae
977 2186 1078 2251 vel
1124 2185 1593 2270 monosyllabae
1639 2187 2129 2270 praepositiones
2162 2190 2496 2254 secundam
2538 2191 2788 2253 brevem

441 2292 697 2375 explent
752 2296 940 2375 atque
996 2294 1076 2356 ab
1137 2293 1492 2376 insequenti
1555 2294 1732 2358 brevi
1786 2297 2246 2360 substantivum
2308 2297 2531 2380 incipit
2593 2301 2662 2360 ut
2720 2297 2787 2362 in

440 2400 631 2482 Vesp.
665 2422 725 2463 v.
758 2400 925 2462 1124
959 2399 1048 2462 ὅτ’
1076 2400 1112 2462 ὁ
1136 2401 1395 2481 βορεᾶς,
1435 2401 1598 2467 1501
1637 2402 1724 2472 τίς
1757 2404 1793 2466 ὁ
1818 2404 2279 2485 κακοδαίμων;
2325 2403 2577 2487 Fragm.
2606 2405 2789 2467 505a

439 2510 497 2571 τί
546 2507 616 2571 τὸ
672 2508 909 2586 κακόν,
973 2529 1157 2590 porro
1216 2507 1469 2571 Thesm.
1505 2510 1632 2572 456
1695 2510 1789 2571 ἅτ’
1833 2513 1906 2575 ἕν-
1961 2512 2259 2593 ἀγρίοισι;
2326 2511 2496 2575 Eccl.
2533 2512 2655 2575 541
2718 2512 2786 2575 σὲ

443 2619 499 2681 δ’
534 2619 600 2682 ἕν
648 2618 886 2700 ἀλεᾷ.1)

618 2725 789 2801 Quae
833 2729 1161 2807 praeterea
1207 2748 1318 2808 per
1358 2726 1799 2807 Aristophanis
1849 2724 2093 2790 fabulas
2140 2726 2206 2789 in
2239 2747 2544 2812 ‚versuum
2591 2725 2787 2789 initiis

441 2832 991 2915 deprehenduntur
1037 2833 1431 2897 insolitorum
1476 2833 1941 2897 tribrachorum
1990 2831 2294 2915 exempla,
2343 2854 2560 2897 eorum
2619 2832 2789 2897 haud

440 2941 531 3003 ita
561 2943 888 3022 promptae
919 2943 1067 3003 sunt
1098 2940 1543 3005 excusationes,
1623 2939 1717 3004 Ac
1750 2942 2024 3022 primum
2056 2939 2309 3023 quidem
2340 2939 2522 3004 solito
2556 2941 2789 3022 majore

440 3046 694 3110 licentia
749 3047 1125 3128 compositus
1181 3050 1273 3110 est
1320 3045 1482 3131 Equ.
1531 3069 1589 3110 v.
1632 3047 1798 3110 1159
1857 3048 2021 3128 ἄφες
2081 3046 2210 3110 ἀπὸ
2271 3052 2400 3111 τῶν
2460 3048 2788 3130 βαλβίδων

441 3176 578 3230 me,
639 3153 743 3216 sed
800 3152 1060 3218 fortasse
1123 3153 1214 3215 nil
1270 3157 1361 3216 est
1426 3154 1824 3231 mutandum,
1888 3175 2030 3217 cum
2087 3176 2267 3218 voces
2325 3156 2487 3236 ἄφες
2543 3159 2605 3218 et
2660 3154 2787 3218 ἀπὸ

442 3259 787 3323 arctissimo
834 3260 1279 3323 contineantur
1324 3260 1669 3323 sententiae
1717 3260 1967 3324 vinculo
2015 3265 2078 3325 et
2135 3261 2645 3342 pronuntiatione
2699 3262 2790 3325 ita

443 3367 930 3450 conjungantur,
979 3372 1049 3429 ut
1095 3389 1173 3430 ne
1219 3367 1482 3430 minima
1528 3366 1783 3449 quidem
1828 3389 2023 3449 pausa
2066 3368 2431 3432 intercedat.
2528 3370 2615 3432 At
2671 3368 2789 3432 hoc

440 3474 733 3539 licentiae
787 3474 1201 3539 lenimentum
1249 3475 1458 3539 afferri
1506 3475 1726 3557 nequit
1779 3475 1844 3537 in
1892 3474 2013 3538 Av.
2063 3497 2121 3538 v.
2163 3476 2326 3541 1527
2377 3476 2534 3539 ὅθεν
2581 3476 2617 3538 ὁ
2663 3500 2785 3538 πα-

441 3589 653 3664 τρῷος
684 3606 812 3659 me,
860 3581 969 3646 ubi
1015 3582 1346 3646 lectionem
1395 3581 1572 3645 libris
1618 3581 1928 3663 proditam
1963 3604 2182 3645 sanam
2215 3604 2341 3646 esse
2391 3582 2563 3646 nullo
2606 3583 2788 3646 modo

442 3690 598 3752 mihi
655 3688 1024 3771 persuadere
1080 3709 1350 3772 possum.
1444 3688 1580 3764 Qua
1626 3689 1693 3751 in
1742 3711 1808 3752 re
1855 3688 2343 3753 consentientem
2407 3688 2609 3752 habeo
2655 3689 2787 3753 En-

444 3816 686 3879 gerum‚
751 3795 859 3878 qui
917 3817 1127 3859 versus
1181 3794 1457 3859 numeris
1519 3796 1610 3858 ita
1666 3794 1993 3874 succurrit,
2058 3799 2128 3859 ut
2186 3796 2584 3860 scribendum
2642 3818 2788 3879 pro-

444 3907 639 3985 ponat
685 3902 842 3966 ὅθεν
890 3905 969 3984 γ’,
1020 3924 1210 3985 quam
1258 3902 1704 3984 conjecturam,
1753 3925 1894 3967 cum
1944 3901 2164 3968 melior
2197 3902 2321 3968 alia
2366 3907 2615 3986 praesto
2662 3926 2787 3969 non

627 4062 667 4125 1)
704 4065 822 4118 Hoc
860 4062 1156 4118 solutionis
1206 4081 1381 4132 genus
1419 4062 1490 4117 ab
1529 4063 1898 4120 antecedente
1948 4066 2189 4121 maxime
2228 4064 2507 4120 diversum
2553 4066 2639 4120 ita
2674 4082 2788 4120 non

448 4151 518 4204 ab
568 4151 665 4205 illo
717 4152 992 4222 disjungit
1043 4152 1222 4207 Carol.
1270 4152 1568 4207 Muellerus
1622 4151 1713 4217 (de
1761 4153 1887 4220 ped.
1940 4153 2038 4206 sol.
2089 4171 2144 4221 p.
2171 4156 2256 4219 47,
2284 4152 2336 4220 5)
2386 4157 2451 4209 ut
2500 4154 2788 4223 utriusque

446 4239 658 4295 formae
695 4241 951 4311 exempla.
989 4241 1150 4310 quasi
1186 4241 1355 4311 plane
1393 4241 1679 4311 comparia
1716 4241 2090 4297 commisceat.
