3250 5000
1375 312 1816 376 ..23-

420 509 695 593 syllabas
741 531 919 573 voces
967 509 1250 591 proxime
1282 509 1581 590 conjungi
1631 509 1794 573 inter
1840 531 1904 574 se
1954 512 2016 572 et
2062 531 2201 572 curn
2249 512 2546 592 sequente
2587 531 2770 573 voca-

425 615 569 679 bulo
618 638 742 680 non
776 620 870 679 est
901 615 1065 698 quod
1108 616 1337 679 iterum
1378 637 1688 680 moneam.
1769 615 1965 679 Plane
1996 616 2282 680 similiter
2313 616 2771 681 conformatam

417 721 791 786 solutionem
825 722 1127 786 habemus
1165 721 1231 784 in
1265 720 1516 785 Thesm.
1552 745 1610 785 v.
1640 723 1789 799 632,
1828 723 1881 785 si
1918 724 2256 804 probamus
2288 722 2525 807 Engeri
2558 746 2769 788 emen-

420 828 733 892 dationem
795 828 1122 892 scribentis
1179 828 1351 890 ταυτὶ
1409 827 1531 909 μὲν
1586 829 1875 909 ἤκουσάς
1932 848 2036 891 συ·
2100 829 2157 891 τί
2210 828 2279 891 δὲ
2333 830 2567 911 τρίτον,
2625 852 2768 895 cum

417 934 623 1017 prima
700 934 1135 1019 monosyllaba
1204 956 1344 998 cum
1414 936 1821 999 antecedente
1890 935 2080 999 verbo
2155 936 2599 1019 conjungenda
2666 938 2767 1014 sit,

418 1042 616 1106 altera
663 1046 726 1106 et
770 1043 958 1105 tertia
1004 1041 1183 1125 quasi
1240 1063 1430 1105 unam
1478 1040 1757 1106 forment
1811 1040 2186 1126 bisyllabam
2234 1063 2468 1106 vocem.
2553 1043 2768 1108 Wide-

416 1170 649 1232 grenus
706 1171 860 1212 num
915 1149 1058 1212 talis
1105 1148 1332 1211 solutio
1390 1147 1649 1212 ferenda
1696 1148 1796 1225 sit,
1854 1147 1990 1212 aliis
2047 1148 2519 1232 dijudicandum
2575 1151 2767 1214 relin-

418 1257 556 1338 quit
604 1254 712 1336 (cf.
762 1256 835 1320 de
881 1276 1143 1319 numero
1187 1258 1249 1318 et
1290 1254 1787 1319 conformatione
1834 1255 2063 1338 pedum
2101 1254 2446 1319 solutorum
2498 1255 2627 1338 §5‚
2679 1257 2765 1340 6).

418 1360 600 1425 Certe
660 1383 788 1425 non
854 1362 1060 1424 minus
1125 1361 1280 1425 bene
1335 1362 1540 1424 versui
1596 1362 1971 1438 consulitur,
2026 1362 2078 1424 si
2133 1361 2233 1425 vel
2289 1383 2432 1425 cum
2477 1362 2766 1427 Bentleio

416 1469 640 1532 omisso
701 1469 777 1532 σύ
833 1468 1162 1532 scribimus
1215 1469 1274 1530 τί
1326 1468 1381 1530 δ’
1418 1466 1499 1529 αὖ
1556 1469 1781 1549 τρίτον,
1847 1467 1946 1532 vel
2002 1490 2144 1532 cum
2201 1468 2498 1532 Elmsleio
2551 1471 2611 1532 τί
2663 1471 2767 1534 δαὶ

414 1576 640 1655 τρίτον,
693 1574 788 1638 vel
834 1597 974 1639 cum
1012 1572 1358 1638 Fritzschio
1404 1575 1462 1636 τί
1500 1573 1556 1636 δ’·
1591 1573 1672 1656 ἧν
1711 1575 1933 1656 τρίτον.
2010 1574 2208 1639 Plane
2243 1598 2391 1640 vero
2433 1576 2767 1659 rejicienda

416 1686 507 1746 est
552 1682 823 1746 Brunkii
879 1681 1064 1747 lectio
1110 1683 1168 1744 τί
1214 1681 1282 1744 δὲ
1329 1681 1398 1745 τὸ
1446 1682 1672 1763 τρίτον,
1730 1703 1872 1746 cum
1931 1682 2075 1746 talis
2120 1682 2346 1747 solutio
2393 1688 2642 1747 tantum
2698 1685 2766 1748 in

371 1853 376 1857 .
415 1788 617 1871 primo
664 1790 818 1871 pede
866 1789 1073 1853 locum
1120 1788 1373 1852 habeat.
2705 1794 2710 1799 ’

593 1895 737 1959 Duo
793 1918 1004 1960 versus
1066 1896 1246 1959 nobis
1304 1893 1658 1958 tribrachos
1718 1895 2052 1976 praebent,
2116 1896 2182 1958 in
2240 1917 2506 1979 quorum
2566 1898 2765 1962 altera

412 2001 656 2087 syllaba
718 2003 968 2086 longius
1014 2003 1389 2067 terminatur
1438 2001 1833 2079 vocabulum,
1892 2002 1996 2065 sed
2055 2003 2282 2086 quibus
2341 2004 2494 2066 item
2549 2004 2766 2069 formis

413 2132 490 2174 ex
543 2109 951 2174 similitudine
1012 2111 1295 2174 locorum
1350 2110 1486 2193 jam
1548 2110 1973 2190 superioribus
2035 2110 2294 2191 pedibus
2356 2112 2763 2192 probatorum

411 2218 624 2280 statim
671 2217 919 2281 veniam
964 2216 1328 2281 vindicabis,
1424 2213 1587 2280 Sunt
1635 2215 1781 2281 Pac.
1824 2240 1880 2281 v.
1917 2218 2044 2280 538
2095 2218 2188 2279 ἴθι
2234 2242 2348 2279 νυν
2395 2218 2607 2299 ἄθρει,
2655 2218 2764 2281 ubi

379 2323 767 2388 >encliticam
800 2348 913 2387 νυν
960 2346 1209 2388 omnem
1258 2323 1532 2387 adimere
1579 2323 1982 2387 offensionem
2032 2322 2168 2387 luce
2212 2322 2441 2387 clarius
2482 2330 2762 2407 apparet,

413 2435 476 2496 et
525 2431 683 2495 Ach.
733 2453 791 2494 v.
828 2431 956 2494 830
1005 2430 1077 2493 τὰ
1135 2430 1386 2513 χοιρίδι’
1424 2430 1692 2508 ἀπέδου,
1751 2430 1860 2494 ubi
1908 2430 2168 2494 ultimae
2221 2430 2523 2515 longioris
2579 2453 2762 2496 voca-

414 2539 545 2603 buli
591 2538 764 2603 elisio
809 2539 1184 2603 solutionem
1232 2540 1494 2621 probam
1544 2537 1749 2601 reddit
1795 2560 1997 2622 neque
2043 2538 2483 2602 offendendum
2530 2539 2596 2602 in
2644 2538 2763 2604 hac

411 2646 692 2712 omnium
745 2646 1051 2710 librorum
1118 2646 1405 2721 lectione,
1462 2667 1846 2728 quamquam
1906 2644 2176 2709 libenter
2231 2646 2500 2710 concedo
2564 2646 2761 2710 multo

411 2751 759 2835 elegantius
824 2774 1216 2835 processuros
1278 2773 1406 2815 esse
1469 2773 1682 2817 versus
1748 2773 2067 2830 numerOS‚
2134 2752 2185 2814 si
2252 2773 2395 2814 cum
2460 2751 2761 2818 Elmsleio

408 2860 786 2924 scriberetur
833 2860 1078 2923 ἀπέδου
1127 2859 1201 2921 τὰ
1249 2859 1477 2941 χοιρία.

990 3063 1115 3131 VI.
1174 3064 1276 3131 De
1326 3061 1645 3150 dactylis
1691 3061 1903 3150 primi
1957 3059 2181 3150 pedis.

589 3197 685 3260 Ad
721 3196 1113 3281 dactylorum
1145 3198 1197 3260 si
1235 3198 1371 3279 jam
1418 3219 1531 3261 nos
1563 3197 1983 3261 convertimus
2022 3196 2257 3259 formas
2304 3200 2444 3277 post
2489 3197 2759 3280 priorem

410 3305 659 3368 brevem
714 3302 1022 3387 syllabam
1079 3304 1324 3382 incisas
1385 3324 1600 3366 eorum
1656 3303 2016 3366 libertatem
2064 3324 2136 3365 ac
2193 3302 2514 3366 licentiam
2570 3305 2760 3367 etiam

406 3410 594 3474 latius
639 3414 855 3494 patere
902 3410 1268 3489 videbimuS‚
1318 3432 1509 3494 quam
1558 3409 2023 3473 tribrachorum
2067 3409 2356 3473 similiter
2399 3410 2756 3475 incisorum.

406 3517 597 3599 Cujus
644 3518 734 3581 rei
788 3518 853 3580 in
912 3517 1115 3600 primo
1171 3519 1426 3601 quidem
1481 3517 1637 3599 pede
1683 3538 1934 3580 causam
1992 3516 2137 3580 inde
2182 3517 2582 3581 derivandam
2630 3538 2759 3580 esse

404 3629 579 3708 put0‚
639 3625 806 3708 quod
852 3625 1208 3707 saepissime
1255 3626 1319 3686 in
1377 3646 1587 3687 versus
1645 3624 1827 3688 initio
1886 3623 2353 3706 conjunctiones
2410 3630 2472 3687 et
2526 3646 2757 3707 prono-

404 3732 577 3795 mina
622 3730 944 3794 trochaica
1006 3752 1297 3795 mensura
1359 3730 1648 3813 ponenda
1694 3736 1894 3807 erant,
1954 3753 2114 3814 quae
2174 3731 2452 3797 maximo
2509 3734 2755 3795 tantum

405 3837 620 3903 labore
664 3839 867 3901 textui
927 3837 1117 3901 inseri
1179 3841 1487 3919 poterant,
1537 3837 1659 3901 nisi
1725 3842 1910 3920 poeta
1965 3836 2321 3903 liberiorem
2368 3838 2487 3902 sibi
2541 3859 2755 3919 sump-

405 3942 582 4007 sisset
641 3965 1045 4008 numerorum
1107 3943 1585 4028 pangendorum
1648 3944 1977 4009 rationem.
2078 3945 2164 4008 Et
2227 3945 2341 4008 nisi
2407 3945 2625 4023 fallor,
2688 3948 2759 4007 ut

404 4049 661 4115 liberius
722 4054 1024 4115 tractaret
1078 4050 1311 4136 dactyli
1365 4051 1628 4130 forma8‚
1690 4052 2143 4135 Aristophanes
2199 4074 2273 4115 ea
2329 4074 2396 4115 re
2454 4052 2756 4116 adductus

406 4160 519 4233 est,
566 4158 728 4240 quod
788 4158 978 4241 longa
1024 4158 1395 4223 antecedens
1452 4158 1846 4243 liquidiorem
1904 4159 2075 4242 pedis
2123 4158 2310 4221 soluti
2359 4158 2563 4222 reddit
2608 4180 2753 4241 pro-

404 4264 886 4329 nuntiationem.
