3250 5000
1364 326 1807 388 —37—

413 519 622 602 Atque
678 520 742 582 in
804 520 965 583 Ach.
1022 520 1274 602 quidem
1330 541 1511 584 versu
1557 521 1684 584 615
1742 542 1954 584 veram
2009 519 2384 602 scripturam
2438 518 2760 584 Bentleius

411 649 444 688 e
491 624 715 690 scholii
764 626 843 690 ad
889 649 947 689 v.
985 627 1109 691 617
1159 626 1365 689 verbis
1417 626 1823 709 investigasse
1869 627 2115 690 videtur
2160 627 2555 699 scribendum
2612 647 2758 707 pro-

409 754 670 815 ponenS,
720 733 829 794 ὑπ’
864 733 1097 812 ἐράνου
1146 754 1259 816 pro
1306 732 1469 814 ὑπὲρ
1519 734 1784 814 ἐράνους
1849 734 1969 797 nisi
2015 733 2179 796 forte
2226 732 2504 815 Reisigio
2552 753 2760 796 assen-

410 840 689 902 tiendum
757 860 835 901 ex
897 838 1114 902 eodem
1173 838 1410 903 scholio
1474 841 1718 902 cruenti
1781 841 1888 902 ὑπ’
1941 840 2208 919 ἐράνων.
2317 838 2393 903 In
2455 838 2760 921 Equitum

411 951 621 1010 autem
687 968 867 1009 versu
917 947 1043 1010 676
1107 950 1216 1009 aut
1275 945 1537 1027 vulgata
1597 946 1966 1009 servandam
2029 946 2158 1026 ἐγὼ
2217 946 2286 1008 δὲ
2341 945 2414 1008 τὰ
2473 943 2757 1026 κορίανν’

412 1053 734 1134 ἐπριάμην
798 1053 1206 1134 ὕποόραμών
1270 1056 1400 1131 aut,
1458 1052 1511 1115 si
1571 1051 1901 1115 lectionem
1969 1074 2046 1115 ex
2107 1054 2317 1116 codice
2378 1052 2437 1116 R
2496 1052 2759 1133 petitam

411 1159 853 1241 ὗπεκὸραμών
884 1162 1240 1241 probamus,
1276 1161 1814 1241 transponendum
1846 1181 1988 1222 cum
2021 1158 2387 1237 FritzschiO,
2421 1157 2758 1236 MeinekiO,

411 1264 683 1328 Velseno
729 1265 796 1328 in
845 1267 972 1347 ἐγὼ
1024 1264 1081 1329 δ’
1116 1267 1438 1348 ἐπριάμην
1479 1267 1553 1328 τὰ
1601 1268 1885 1348 κορίανν’
1921 1266 2379 1347 ὑπεκδραμών.
2457 1265 2532 1328 In
2568 1263 2757 1347 Vesp.

410 1373 677 1456 denique
722 1394 780 1435 v.
821 1375 946 1437 967
998 1374 1389 1437 consulemus
1436 1395 1647 1436 versus
1693 1373 1969 1457 rythmo,
2025 1395 2165 1436 cum
2211 1373 2312 1436 vel
2362 1372 2759 1435 Dindorfium

412 1485 740 1561 sequentes
786 1479 1126 1544 scribemus
1172 1480 1292 1542 ἕλει
1340 1502 1454 1562 pro
1501 1480 1655 1542 ἐλέει
1702 1479 1803 1543 vel
1843 1480 2071 1543 codicis
2103 1478 2156 1542 B
2190 1479 2527 1561 probamus
2563 1478 2758 1560 scrip-

412 1591 620 1649 turam
652 1585 800 1655 τοὺς
847 1587 1180 1650 articulum
1214 1590 1360 1650 ante
1408 1587 2060 1668 ταλαιπωρουμένους
2090 1586 2352 1650 verbum
2390 1586 2756 1649 omittentiS.

593 1691 817 1776 Itaque
855 1715 1088 1771 OmneS,
1137 1694 1246 1777 qui
1293 1693 1498 1757 adhuc
1546 1694 1626 1756 ab
1663 1693 2105 1776 Aristophanis
2144 1692 2484 1757 editoribus
2528 1691 2760 1773 prolati

411 1804 578 1876 sunt,
626 1800 1209 1882 proceleusmaticos
1255 1801 1631 1884 perscrutati
1669 1805 1876 1882 atque,
1928 1805 1998 1863 ut
2043 1801 2221 1864 nobis
2262 1801 2562 1877 videmur,
2612 1820 2757 1882 pro-

414 1906 608 1969 babili
666 1909 850 1972 modo
905 1909 1004 1972 vel
1051 1931 1128 1972 ex
1183 1898 1444 1972 metrica
1490 1908 1736 1971 ratione
1787 1906 2102 1970 declarare
2158 1907 2256 1970 vel
2312 1906 2498 1988 plane
2553 1927 2756 1968 remo-

413 2012 589 2077 mere'
628 2016 836 2077 conati
892 2037 1019 2077 non
1076 2015 1434 2078 dubitamus
1487 2016 1720 2078 iterum
1774 2014 2040 2077 firmiter
2095 2014 2467 2077 contendere
2514 2012 2758 2075 Aristo-

409 2122 687 2203 phanem
735 2142 1182 2204 usquequaque
1229 2121 1479 2198 cavisse,
1530 2125 1602 2183 ut
1648 2142 1726 2182 ne
1766 2124 1876 2183 aut
1913 2119 2196 2202 jambum
2248 2123 2359 2183 aut
2391 2119 2757 2182 trochaeum

409 2229 477 2290 in
539 2231 841 2311 quattuor
904 2227 1171 2291 solveret
1232 2227 1504 2312 syllabas
1567 2228 1629 2291 id
1696 2233 1789 2291 est
1851 2226 2504 2311 proceleusmaticum,
2570 2249 2757 2310 quem

410 2334 646 2411 dicunt,
695 2334 915 2416 pedem
962 2334 1029 2398 in
1075 2357 1318 2399 versum
1369 2334 1652 2398 inferret.

591 2655 931 2737 Postquam
981 2656 1143 2718 hanc
1176 2654 1642 2736 disceptationis
1688 2657 1938 2717 nostrae
1985 2658 2229 2735 partem
2261 2654 2337 2716 ad
2373 2654 2566 2717 finem
2612 2675 2754 2735 per-

410 2764 718 2838 duximuS,
777 2763 1005 2826 iterum
1056 2783 1449 2825 commonere
1505 2760 1662 2824 libet
1716 2759 1894 2838 illud,
1951 2761 2115 2825 unde
2170 2764 2304 2824 tota
2357 2760 2756 2824 ratiocinatio

410 2874 630 2932 exorta
677 2873 788 2947 est,
838 2869 1349 2950 Aristophanem,
1399 2869 1685 2951 quamvis
1731 2867 1984 2932 insolita
2031 2872 2310 2931 uteretur
2355 2869 2583 2951 pedum
2630 2868 2755 2931 sol-

408 2976 750 3038 vendorum
799 2975 1063 3052 ratione,
1111 2997 1434 3058 nunquam
1480 2996 1675 3057 usque
1714 2996 1785 3037 eo
1831 2995 2230 3056 progressum
2270 2996 2398 3038 esse
2443 2975 2756 3050 licentiae,

407 3088 479 3144 ut
533 3081 760 3165 longae
806 3081 1086 3165 syllabae
1141 3081 1277 3145 loco
1325 3082 1476 3143 duas
1536 3082 1752 3144 breves
1807 3084 2087 3162 poneret,
2147 3103 2308 3164 quae
2370 3103 2495 3144 non
2543 3081 2755 3164 aliquo

408 3191 590 3252 modo
648 3189 1134 3252 continerentur.
1232 3187 1405 3262 Quae
1464 3188 1715 3269 quidem
1773 3187 2024 3251 vincula
2080 3192 2302 3268 poetae
2356 3188 2578 3251 idonea
2624 3187 2757 3250 visa

407 3297 533 3359 sint
578 3296 656 3358 ad
702 3293 1084 3358 solutionum
1121 3293 1412 3356 duritiem
1451 3294 1890 3357 emolliendam
1939 3299 2003 3357 et
2046 3316 2246 3377 paene
2292 3295 2756 3370 removendam,

408 3403 684 3484 primum
730 3400 848 3465 hoc
895 3400 1110 3464 labore
1155 3423 1192 3462 a
1240 3400 1417 3464 nobis
1464 3401 1817 3464 accuratius
1864 3401 2290 3464 examinatum
2339 3406 2450 3477 est,
2507 3404 2569 3464 et
2615 3400 2756 3483 qui-

409 3510 502 3572 vis
563 3509 767 3591 primo
824 3513 1078 3590 aspectu
1131 3506 1460 3589 intelleget
1505 3529 1616 3571 nos
1664 3529 1789 3570 non
1838 3507 2216 3590 acquievisse
2261 3508 2326 3569 in
2373 3507 2753 3570 solutionum

409 3615 896 3679 enumeratione.
991 3614 1155 3679 Sane
1202 3613 1574 3697 quibusdam
1620 3612 1773 3677 locis
1806 3612 2032 3696 aliquis
2080 3613 2263 3677 aliter
2292 3613 2539 3690 sentiat,
2591 3617 2754 3675 certe

408 3723 504 3786 his
552 3722 822 3804 cognitis
867 3743 1051 3785 nemo
1092 3723 1229 3804 jam
1278 3721 1666 3802 conjecturas
1712 3720 2010 3802 proferet,
2058 3720 2272 3803 quales
2321 3743 2358 3784 a
2404 3718 2753 3797 DindorfiO,

407 3829 745 3905 MeinekiO,
795 3828 934 3891 aliis
980 3831 1254 3891 tentatas
1298 3826 1640 3890 identidem
1688 3826 2118 3904 refutavimuS,
2175 3848 2376 3908 neque
2422 3825 2753 3908 quisquam

406 3934 680 4018 syllabas
728 3935 943 3998 breves
990 3934 1219 4016 longae
1267 3934 1400 3997 loco
1448 3934 1681 4016 positas
1727 3934 2233 4015 interpunctione
2281 3933 2589 4014 sejunget.
