3250 5000
392 512 722 592 Velsenus,
787 515 895 598 qui
956 538 1011 577 τι
1073 514 1357 579 voculam
1416 519 1564 580 ante
1619 515 1827 578 κακὸν
1890 516 2159 597 positam
2219 536 2407 598 aegre
2470 515 2742 580 ferentes

384 621 766 702 scripserunt
813 621 1075 683 ἐνταυθί
1116 621 1324 685 κακόν
1369 641 1449 684 τι·
1499 623 1592 702 μὰ
1641 623 1731 684 τὼ
1780 622 1921 684 θεώ
1969 643 2217 685 versum
2261 621 2349 685 sic
2389 624 2579 687 etiam
2618 623 2741 685 dif-

383 727 645 792 ficiliore
691 732 1031 811 anapaesto
1079 733 1427 793 onerantes,
1522 729 1663 811 Ipse
1711 729 1961 813 quidem
2015 728 2320 792 librorum
2366 731 2740 812 scripturam

383 853 634 896 servare
680 832 889 897 velim.
984 831 1140 897 Cum
1198 833 1365 896 enim
1412 857 1467 896 τι
1525 856 1870 916 pronomen
1921 835 2263 898 arctissime
2320 836 2743 919 conjungatur

385 939 778 1003 antecedenti
825 939 1039 1018 verbo,
1086 939 1313 1003 solutio
1348 940 1640 1006 similiter
1669 944 2035 1022 comparata
2082 945 2194 1020 est,
2243 963 2315 1006 ac
2359 942 2412 1006 si
2458 943 2742 1026 dactylus

384 1045 451 1109 in
496 1045 622 1110 fine
679 1046 985 1129 longioris
1031 1046 1199 1112 vocis
1246 1051 1550 1111 occurrat.
1647 1047 1834 1111 Hunc
1882 1052 2092 1113 autem
2149 1047 2540 1131 probandum
2590 1072 2738 1127 esse,

383 1152 436 1215 si
474 1152 829 1234 proximum
863 1152 1126 1216 verbum
1160 1152 1458 1216 continuo
1495 1153 1964 1235 pronuntiatur,
2011 1174 2121 1217 suo
2152 1153 2290 1217 loco
2322 1155 2736 1219 ostendemus,

564 1257 653 1320 At
697 1280 1100 1342 nequaquam
1154 1280 1308 1322 sana
1363 1282 1490 1323 esse
1546 1264 1752 1342 potest
1795 1260 1875 1325 ob
1933 1281 2185 1324 causam
2239 1261 2424 1325 modo
2481 1260 2740 1325 allatam

385 1364 689 1429 librorum
744 1365 931 1431 lectio
986 1367 1052 1430 in
1102 1364 1222 1429 Av.
1271 1389 1329 1430 v.
1370 1367 1493 1430 182
1543 1368 1790 1428 ἅπαντα
1841 1365 1944 1428 διὰ
1993 1366 2178 1429 τουτό
2227 1390 2315 1447 γε,
2376 1366 2485 1429 ubi
2542 1367 2738 1432 inter-

385 1473 642 1555 punctio
688 1473 1063 1538 solutionem
1110 1474 1413 1556 sequitur,
1461 1496 1586 1557 quo
1635 1474 1893 1551 accedit,
1943 1477 2015 1535 ut
2060 1473 2213 1537 haec
2261 1472 2444 1537 lectio
2486 1480 2740 1538 senten-

383 1580 541 1643 tiam
603 1581 902 1662 praebeat
955 1580 1072 1644 toti
1134 1581 1271 1645 loco
1332 1602 1554 1663 parum
1612 1585 1827 1663 aptam
1884 1583 1947 1642 et
2006 1581 2372 1663 praesertim
2430 1580 2511 1644 ab
2561 1585 2740 1645 ante-

384 1687 640 1752 cedente
700 1688 1006 1770 διέρχεται
1066 1688 1337 1752 maxime
1383 1687 1848 1752 abhorrentem.
1943 1685 2092 1750 Sine
2151 1686 2340 1750 dubio
2398 1689 2739 1769 genuinam

383 1817 597 1859 versus
642 1794 915 1858 formam
947 1795 1185 1858 detexit
1217 1794 1529 1877 Bergkius
1560 1793 1837 1858 scribens
1883 1792 1983 1854 διὰ
2018 1793 2246 1856 τούτου
2290 1793 2378 1857 sic
2410 1795 2739 1859 consulens

387 1924 596 1968 versus
643 1906 705 1967 et
752 1906 950 1965 metro
998 1906 1061 1965 et
1105 1901 1331 1965 sensui.

563 2009 926 2073 Lectionem
974 2030 1101 2073 non
1147 2009 1354 2071 minus
1400 2007 1721 2070 hominem
1770 2006 2098 2070 metricum
2139 2006 2556 2071 offendentem
2606 2007 2737 2071 edi-

384 2118 549 2180 tores
597 2115 854 2200 quidam
901 2115 1291 2178 intruserunt
1338 2115 1543 2178 versui
1588 2113 1759 2178 Eccl.
1799 2115 1993 2191 1037,
2047 2135 2231 2197 quem
2282 2114 2580 2196 ἀμέτρως
2629 2136 2741 2196 per

385 2224 625 2288 codices
670 2222 757 2286 sic
805 2222 1099 2305 legimus:
1148 2228 1266 2285 ποῖ
1289 2227 1513 2285 τοῦτον
1553 2221 1783 2298 ἔλκειςς
1832 2219 1940 2283 τὸν
1981 2221 2260 2303 ἐμαυτῆς
2299 2222 2460 2301 ἄγω.
2539 2219 2738 2283 Aldus

384 2329 550 2393 enim
600 2350 867 2411 eumque
913 2329 1109 2392 secuti
1142 2328 1461 2392 Brunkius
1503 2330 1566 2390 et
1598 2326 1963 2392 Dindorfius
2008 2328 2100 2392 ita
2146 2328 2479 2410 pristinam
2525 2350 2737 2392 versus

383 2435 652 2500 formam
698 2435 1040 2499 restituisse
1085 2434 1205 2498 sibi
1237 2435 1354 2498 visi
1399 2440 1565 2513 sunt,
1614 2438 1686 2497 ut
1719 2436 2088 2499 scriberent:
2137 2441 2256 2498 ποῖ
2281 2441 2506 2498 τοῦτον
2538 2435 2738 2506 ἕλκεις

385 2544 490 2618 σύ;
540 2542 648 2606 τὸν
697 2543 977 2624 ἐμαυτῆς
1025 2543 1261 2623 εἰσάγω
1311 2543 1501 2606 nescii
1552 2542 1871 2626 dactylum
1917 2548 2058 2624 post
2110 2543 2379 2625 priorem
2429 2542 2737 2625 syllabam

388 2652 639 2714 brevem
694 2651 959 2713 incisum
1020 2649 1099 2712 ab
1149 2649 1613 2731 Aristophaneo
1671 2649 1955 2713 trimetro
2013 2649 2199 2731 plane
2248 2649 2738 2732 abjudicandum

385 2777 530 2820 esse.
601 2756 777 2832 Quod
813 2756 1062 2839 quidem
1101 2756 1358 2819 minime
1390 2755 1558 2839 fugit
1588 2755 1975 2834 Dobraeum‚
2016 2757 2125 2839 qui
2163 2756 2320 2820 illud
2354 2756 2431 2819 σύ
2464 2756 2738 2820 retinens

381 2863 779 2927 scribendum
828 2863 1127 2946 proponit
1171 2868 1290 2925 ποῖ
1329 2868 1553 2926 τοῦτον
1600 2864 1897 2933 εἴσέλκεις
1944 2864 2051 2941 σύ;
2110 2863 2219 2926 τὸν
2266 2864 2545 2946 ἐμαυτῆς
2592 2864 2734 2944 ἄγω

383 2970 677 3033 nimirum
737 2971 827 3033 sic
882 2970 1118 3051 optime
1172 2969 1499 3034 consulens
1546 2975 1772 3035 metro,
1866 2975 1955 3034 At
2009 2991 2128 3053 ego
2183 2971 2316 3034 sine
2374 2969 2502 3033 ulla
2555 2970 2738 3034 dubi-

383 3078 622 3141 tatione
676 3075 953 3159 palmam
1001 3076 1271 3139 concedo
1319 3075 1639 3143 Meinekio
1686 3079 2030 3143 removenti
2087 3082 2159 3141 ut
2206 3100 2737 3161 supervacaneum

382 3185 537 3248 illud
586 3184 663 3247 σύ
712 3188 902 3266 atque
949 3184 1249 3248 scribenti
1297 3190 1416 3246 ποῖ
1453 3191 1680 3248 τοῦτον
1727 3186 1955 3263 ἔλκειςς
2017 3187 2103 3255 εἰς
2150 3187 2429 3268 ἐμαυτῆς
2477 3186 2734 3266 εἰσάγω,

382 3297 454 3355 ut
507 3292 826 3374 responsio
875 3291 1117 3354 oriatur
1167 3291 1492 3373 aptissima
1546 3293 2049 3375 interrogationi.
2140 3291 2341 3356 Miror
2387 3292 2735 3375 Bergkium

384 3399 547 3463 hanc
580 3423 617 3462 a
649 3399 982 3482 Blaydesio
1015 3403 1078 3462 et
1108 3397 1381 3462 Velseno
1420 3402 1742 3480 receptam
1779 3399 2201 3481 conjecturam
2251 3399 2505 3463 horrere
2546 3403 2736 3481 atque

385 3526 761 3589 proponere:
820 3511 938 3567 ποῖ
978 3510 1201 3567 τοῦτον
1248 3505 1449 3575 ἕλκεις
1497 3505 1733 3587 ἄνδρας
1792 3505 1901 3568 τὸν
1948 3506 2226 3588 ἐμαυτῆς
2272 3507 2436 3586 ἄγω,
2494 3506 2559 3567 in
2608 3526 2736 3587 qua

384 3612 818 3676 emendatione
850 3610 1185 3676 articulum
1215 3617 1358 3694 post
1386 3618 1611 3675 τοῦτον
1647 3611 1854 3674 omitti
1887 3634 2008 3675 non
2047 3633 2221 3694 posse
2253 3611 2456 3695 quivis
2489 3611 2732 3694 videt.¹)

561 3717 709 3782 Non
765 3718 972 3781 minus
1027 3719 1441 3782 necessarium
1491 3724 1585 3782 est
1636 3740 1748 3782 nos
1794 3719 2115 3782 consulere
2164 3717 2329 3781 Plut.
2380 3740 2435 3780 v.
2488 3740 2545 3781 v.
2584 3718 2733 3796 171,

390 3826 532 3904 174,
583 3827 730 3903 176,
777 3824 885 3888 ubi
933 3823 1081 3888 libri
1127 3825 1194 3888 in
1239 3826 1426 3889 tertio
1473 3825 1629 3908 pede
1675 3825 1981 3908 praebent
2024 3823 2395 3888 solutionem
2444 3824 2735 3888 omnibus

383 3932 756 4016 rhythmicis
812 3930 1057 4013 legibus
1116 3933 1384 3995 maxime
1440 3936 1931 4016 repugnantem:
1995 3930 2138 4012 οὐχὶ
2196 3930 2317 3993 διά.
2410 3930 2550 3995 Hoc
2596 3931 2730 4014 jam

562 4091 601 4155 1)
639 4094 847 4147 Eodem
874 4093 1031 4157 vitio,
1071 4108 1179 4160 quo
1217 4092 1309 4146 hic
1337 4109 1544 4157 versus,
1585 4095 1880 4160 corruptus
1917 4090 2129 4159 legitur
2163 4108 2264 4160 per
2297 4090 2513 4145 codices
2538 4089 2730 4160 Eurip.

381 4184 581 4251 fragm.
608 4200 660 4236 v.
688 4186 808 4246 533,
835 4187 858 4235 1
886 4179 1119 4248 τερπνὸν
1150 4179 1208 4231 τὸ
1235 4187 1356 4248 φῶς
1381 4201 1473 4247 μοι
1500 4181 1637 4232 τόδ’·
1677 4181 1800 4233 ὑπό.
1862 4180 2193 4237 Rectissime
2217 4179 2505 4234 Nauckius
2537 4180 2734 4235 scribit

381 4269 439 4321 τὸ
478 4277 598 4336 φῶς
639 4271 772 4320 τόδ’·
814 4270 844 4318 ὁ
882 4271 929 4321 δ’
958 4270 1063 4321 ὑπό
1101 4271 1193 4337 (ef.
1235 4271 1356 4325 Car.
1394 4270 1654 4326 Muelleri
1690 4271 1894 4326 librum
1936 4271 2005 4324 de
2040 4269 2168 4338 ped.
2207 4269 2308 4323 801.
2346 4267 2489 4335 ἓ24,
2515 4267 2589 4334 8).
