3250 5000
1479 299 1922 365 —18—

529 499 826 582 praebeat
879 498 1053 577 παρὰ
1112 504 1240 560 τῶν
1286 498 1465 561 θεῶν
1510 498 1657 579 περὶ
1703 504 1814 561 τοῦ
1862 498 2150 577 πολέμου
2202 497 2311 560 καὶ
2355 503 2466 580 τῆς
2514 497 2872 578 διαλλαγῆς,

529 607 722 669 codex
768 606 822 668 B
882 605 1028 686 περὶ
1086 605 1375 684 πολέμου
1438 604 1857 685 καταλλαγῆς,
1923 605 2162 668 codices
2209 603 2287 667 A.
2329 606 2393 667 S.
2428 603 2507 667 V.
2556 604 2702 684 περὶ
2760 609 2872 665 τοῦ

528 712 833 793 πολέμων
880 713 987 773 καὶ
1034 711 1447 793 καταλλαγῆς.
1541 711 1714 787 Quae
1761 713 1952 775 verba
2008 712 2083 775 ad
2134 711 2403 776 trimetri
2460 711 2729 774 formam
2783 711 2876 772 ita

527 819 812 902 redigere
859 818 1248 882 conabantur
1292 817 1658 882 Dindorfius
1707 823 1769 883 et
1811 819 2144 902 Bergkius‚
2194 822 2263 882 ut
2306 817 2651 882 scriberent
2696 816 2872 899 παρὰ

526 930 656 988 τῶν
701 926 881 988 θεῶν
926 924 1073 1006 περὶ
1117 925 1405 1006 πολέμου
1458 924 1813 1007 διαλλαγῆς.
1906 923 2123 989 Oritur
2169 925 2255 989 sic
2302 924 2647 1008 bisyllabae
2691 947 2874 1007 prae-

529 1032 853 1115 positionis
907 1034 972 1095 in
1020 1032 1222 1095 altera
1267 1030 1573 1095 tribrachi
1619 1031 1863 1116 syllaba
1910 1032 2246 1109 conclusi0‚
2303 1031 2505 1116 qualis
2551 1032 2876 1096 solutionis

527 1140 593 1203 in
650 1139 871 1203 ceteris
925 1139 1185 1221 pedibus
1241 1138 1390 1201 satis
1447 1160 1750 1222 magnum
1809 1139 2246 1221 deprendimus
2307 1160 2658 1202 numerum.
2753 1137 2874 1204 Sed

528 1268 669 1310 cum
738 1247 803 1309 in
872 1246 1059 1308 tertio
1135 1245 1321 1329 plane
1394 1244 1734 1328 singularis
1803 1248 2031 1321 exstet,
2102 1268 2179 1308 ne
2257 1245 2374 1308 hac
2444 1244 2876 1309 emendatione

528 1352 805 1435 genuina
872 1352 1183 1433 scriptura
1250 1352 1509 1414 inventa
1576 1372 1703 1413 non
1773 1352 1873 1425 sit,
1944 1351 2214 1415 maxime
2285 1373 2520 1415 vereor.
2616 1352 2877 1416 Accedit

528 1460 693 1542 quod
733 1462 876 1522 ante
907 1460 1168 1521 verbum
1203 1459 1493 1539 πολέμου
1529 1458 1796 1521 articulo
1829 1479 2016 1540 aegre
2048 1480 2350 1522 caremus,
2422 1458 2630 1522 Etiam
2671 1459 2876 1522 minus

529 1565 783 1649 probari
829 1569 1052 1647 potest,
1101 1586 1288 1648 quam
1338 1564 1706 1648 Blaydesius
1752 1567 2068 1648 proponit,
2123 1565 2336 1629 lectio:
2394 1566 2683 1648 πολεμοῦ
2731 1566 2876 1646 περὶ

529 1672 637 1734 καὶ
670 1673 1026 1754 διαλλαγῆς,
1077 1694 1217 1736 cum
1267 1675 1329 1736 et
1375 1675 1636 1753 quartus
1683 1693 1792 1754 pes
1824 1661 2450 1755 anapaesto'vitietur
2491 1673 2875 1737 intolerabili

530 1779 636 1860 (cf.
673 1779 873 1844 Curtii
908 1778 1283 1843 Bernhardii
1331 1779 1819 1861 disputationem
1865 1779 1939 1842 de
1985 1779 2394 1842 incisionibus
2441 1779 2762 1863 anapaesti
2808 1780 2874 1842 in

532 1887 705 1950 Actis
735 1908 859 1950 soc.
893 1885 1112 1968 philol.
1148 1886 1484 1969 Lipsiensis
1517 1885 1568 1963 Ι,
1604 1885 1984 1966 245-286)
2033 1890 2097 1951 et
2143 1886 2246 1950 hic
2279 1908 2528 1970 quoque
2576 1887 2876 1951 articulus

529 1998 672 2055 ante
704 1993 994 2074 πολέμου
1029 1993 1429 2056 desideretur.
1509 1991 1797 2055 Rectiore
1835 1992 2072 2074 judicio
2104 1992 2199 2055 usi
2232 2014 2360 2056 esse
2399 1993 2555 2056 mihi
2591 1993 2878 2057 videntur

527 2099 879 2164 Meinekius
936 2106 1000 2166 et
1046 2101 1353 2179 Kockius‚
1419 2094 1687 2182 quorum
1749 2098 1857 2163 ille
1917 2099 2314 2163 scribendum
2376 2100 2673 2183 proponit
2731 2100 2876 2182 περὶ

527 2212 640 2268 τοῦ
687 2207 975 2288 πολέμου
1010 2206 1427 2289 καταλλαγῆς,
1469 2205 1572 2270 hie
1617 2205 1762 2287 περὶ
1805 2212 1916 2268 τοῦ
1964 2206 2253 2287 πολέμου
2298 2206 2636 2288 διαλλαγῆς
2674 2205 2876 2288 (cujus

529 2314 980 2377 emendationis
1039 2316 1108 2377 in
1161 2311 1673 2376 annotationibus
1738 2315 2118 2376 mentionem
2171 2334 2301 2377 non
2365 2312 2567 2396 facit).
2663 2311 2876 2376 Alter-

528 2423 671 2482 utra
719 2419 941 2484 harum
992 2420 1493 2504 conjecturarum
1539 2424 1790 2502 recepta
1834 2440 2037 2502 neque
2091 2417 2396 2482 librorum
2458 2419 2640 2483 lectio
2691 2420 2876 2483 nimis

528 2527 939 2591 conturbatur
999 2531 1062 2590 et
1122 2549 1334 2591 versus
1396 2529 1642 2590 numeri
1705 2526 2028 2609 eleganter
2089 2526 2429 2609 profluunt.
2537 2526 2675 2590 Hoc
2737 2526 2874 2591 loco

529 2656 923 2698 commonere
970 2634 1154 2698 velim
1204 2634 1278 2698 de
1309 2634 1470 2698 Ran.
1507 2657 1566 2697 v.
1604 2635 1774 2697 1436
1808 2636 1998 2716 ἥντιν’
2033 2635 2248 2715 ἔχετον
2294 2633 2439 2715 περὶ
2477 2639 2585 2716 τῆς
2622 2633 2876 2703 πόλεως

530 2742 866 2823 σωτηρίαν,
927 2741 1034 2825 qui
1079 2741 1131 2804 si
1189 2741 1493 2823 probatur
1551 2763 1689 2805 mea
1737 2743 2071 2805 verborum
2127 2741 2528 2822 transpositio
2573 2762 2684 2804 suo
2740 2740 2875 2805 loco

530 2850 702 2931 (pag.
738 2850 851 2929 30)
884 2849 1340 2927 commendata,
1387 2848 1779 2912 simillimum
1817 2849 2076 2931 praebet
2114 2847 2400 2932 rhythmi
2433 2850 2494 2910 et
2525 2851 2876 2911 structurae

529 2956 904 3039 exemplum.

706 3061 895 3125 Haud
943 3062 1175 3144 majore
1223 3060 1596 3126 difficultate
1642 3065 1999 3126 removetur
2045 3060 2205 3124 alter
2250 3058 2364 3122 tali
2411 3060 2594 3124 modo
2626 3058 2875 3124 confor-

531 3172 734 3232 matus
795 3169 1152 3232 tribrachus
1215 3169 1280 3232 in
1337 3169 1482 3253 Lys.
1534 3191 1589 3235 v.
1626 3170 1753 3232 993
1818 3169 1949 3230 ἀλλ’
2000 3168 2092 3236 ὡς
2153 3165 2319 3247 πρὸς
2382 3166 2589 3229 εἰδότα
2652 3191 2736 3249 με
2797 3165 2873 3229 σὺ

527 3276 778 3358 τάληθῆ
824 3276 980 3355 λέγε.
1058 3275 1307 3340 Etenim
1339 3278 1471 3359 jam
1508 3275 1820 3340 Porsonus
1865 3277 1930 3337 in
1964 3273 2231 3338 insolitis
2263 3273 2567 3338 librorum
2600 3274 2875 3337 numeris

529 3382 846 3445 offendens
901 3381 1148 3465 scripsit
1194 3381 1379 3444 εἰδότ’
1416 3383 1531 3463 ἕμέ
1575 3381 1663 3445 sic
1720 3379 1944 3445 tollens
2000 3379 2177 3443 illam
2223 3380 2274 3442 si
2331 3402 2457 3443 non
2512 3380 2578 3442 in
2626 3378 2764 3442 aliis
2808 3382 2874 3439 at
2925 3414 2931 3424 ·

529 3488 649 3552 hoc
697 3489 947 3571 quidem
1006 3490 1159 3570 pede
1214 3488 1533 3552 insolitam
1587 3487 1964 3551 solutionem
2020 3491 2084 3549 et
2141 3485 2556 3568 elegantiores
2612 3485 2870 3549 reddens

527 3597 659 3658 sine
713 3596 903 3659 dubio
967 3616 1276 3659 numeros
1372 3595 1602 3671 Causa,
1668 3616 1778 3658 cur
1832 3593 1898 3656 in
1965 3593 2083 3657 hoc
2146 3593 2280 3675 ipso
2342 3593 2497 3675 pede
2556 3592 2665 3656 illa
2719 3589 2870 3653 alias

528 3701 881 3783 saepissime
929 3702 1158 3764 usitata
1215 3702 1419 3765 forma
1465 3702 1661 3766 vetita
1706 3702 1807 3779 sit,
1863 3698 2007 3762 inde
2061 3699 2330 3781 petenda
2383 3702 2495 3777 est,
2550 3698 2713 3780 quod
2762 3719 2871 3760 en-

530 3807 738 3872 clitica
781 3833 866 3890 με
913 3807 1090 3892 quasi
1123 3808 1346 3871 ultima
1394 3810 1818 3873 antecedentis
1849 3806 2025 3869 verbi
2073 3805 2290 3869 habita
2320 3805 2562 3890 syllaba
2595 3808 2873 3868 oreretur

530 3937 737 3979 versus
782 3918 848 3979 in
897 3916 1047 3979 duas
1094 3915 1383 3998 aequales
1441 3919 1648 3998 partes
1695 3916 1935 3992 divisio,
1984 3938 2174 3998 quam
2223 3915 2455 3997 ubique
2501 3914 2580 3975 ab
2627 3910 2873 3975 Aristo-

528 4022 737 4104 phane
776 4023 1034 4086 vitatam
1086 4044 1214 4086 esse
1262 4022 1577 4085 neminem
1617 4023 1969 4086 accuratius
2015 4043 2145 4085 rem
2196 4022 2599 4103 indagantem
2649 4019 2870 4103 fugiet.

529 4128 729 4204 Quam
778 4130 857 4193 ob
904 4131 1104 4214 ipsam
1151 4151 1400 4193 causam
1446 4134 1732 4210 suspecta
1777 4130 1935 4193 mihi
1984 4133 2076 4192 est
2124 4128 2477 4192 emendatio
2524 4149 2561 4190 a
2598 4126 2873 4210 Reisigio

442 4323 447 4328 Ι
532 4236 846 4320 proposita
893 4237 956 4299 in
991 4237 1152 4321 Equ.
1188 4261 1244 4300 v.
1289 4239 1477 4314 1350,
1527 4236 1633 4319 qui
1681 4236 1745 4298 in
1782 4235 2059 4317 Oonject.
2095 4256 2239 4317 pag.
2278 4237 2405 4298 255
2455 4239 2525 4296 ut
2566 4234 2876 4298 scribatur
