3250 5000
1425 284 1862 348 „10-

470 477 581 554 sit,
640 478 929 562 equidem
991 481 1264 563 recipere
1328 503 1457 546 non
1515 481 1751 546 dubito.
1846 479 2071 565 Neque
2133 483 2332 567 magis
2398 483 2655 548 ferenda
2720 488 2814 549 est

470 584 698 649 solutio
744 607 931 669 quam
986 589 1052 650 in
1101 587 1453 671 Vesparum
1500 612 1558 653 v.
1596 590 1724 654 853
1774 589 2014 654 codices
2061 589 2104 656 S
2153 594 2216 655 et
2262 590 2322 655 V
2370 583 2674 674 praebent
2721 592 2813 655 ὅτι

471 692 912 776 ὗπελαθόμην.
990 695 1186 759 Recta
1215 695 1511 760 nimirum
1543 698 1853 781 scriptura
1885 696 2111 761 codicis
2143 696 2201 760 R
2230 697 2385 780 ὁτιὴ’
2411 697 2811 781 πελαθόμην.

648 817 970 884 Postremo
1017 823 1366 886 accuratius
1412 822 1860 887 examinandus
1907 827 2000 886 est
2045 820 2207 886 Ach.
2258 846 2314 887 v.
2356 824 2522 887 1023
2568 823 2810 900 πόθενς

472 924 622 1004 ἀπό,
676 924 741 989 in
789 927 963 1010 cujus
1008 928 1191 992 initio
1236 929 1288 992 si
1337 929 1540 993 adhuc
1588 932 1756 993 recte
1813 928 2097 993 homines
2143 928 2306 993 docti
2322 927 2373 1013 ¹)
2421 928 2813 994 tribrachum

470 1036 829 1114 posuerunt,
875 1037 1011 1098 tota
1055 1039 1267 1099 nostra
1312 1036 1707 1100 ratiocinatio
1753 1035 2042 1115 concidit,
2092 1035 2448 1120 quaaltera
2486 1036 2814 1102 solutionis

470 1138 711 1223 syllaba
765 1161 909 1204 cum
966 1142 1153 1206 tertia
1207 1165 1449 1227 semper
1505 1147 1675 1207 arcte
1733 1143 2065 1207 cohaereat
2121 1141 2528 1224 postulamus,
2623 1141 2813 1228 Cujus

468 1244 775 1310 tribrachi
819 1247 1021 1313 simile
1070 1249 1423 1331 exemplum
1471 1272 1612 1314 cum
1661 1272 1772 1333 per
1818 1271 2030 1313 omnes
2078 1248 2521 1332 Aristophanis
2567 1250 2813 1315 fabulas

471 1375 666 1415 unum
728 1357 975 1418 tantum
1038 1357 1409 1439 reperiatur,
1475 1357 1541 1420 in
1600 1360 1824 1440 quarto
1886 1357 2042 1438 pede
2088 1356 2259 1420 Pluti
2306 1354 2514 1420 versus
2551 1358 2677 1421 838
2742 1356 2810 1421 εὗ

472 1458 592 1522 οἷδ’
628 1460 747 1522 o'u‘
793 1462 1034 1545 κομιδὴ
1083 1463 1203 1544 μὲν
1237 1461 1371 1537 οὖν,
1418 1486 1544 1528 uno
1592 1466 1667 1527 de
1714 1463 1955 1528 duobus
2004 1463 2279 1528 versibus
2325 1463 2626 1547 suffragio
2672 1487 2813 1528 sen-

468 1567 735 1630 tentiam
781 1567 946 1633 ferre
993 1569 1068 1633 ad
1118 1591 1256 1657 rem
1291 1571 1425 1655 jam
1477 1570 1592 1635 hoc
1638 1571 1774 1635 loco
1821 1571 2271 1636 conficiendam
2318 1571 2474 1635 mihi
2520 1571 2812 1636 idoneum

469 1674 734 1739 videtur.
826 1674 927 1738 Ex
971 1675 1386 1741 solutionibus
1431 1677 1637 1743 adhuc
1690 1678 1897 1743 allatis
1945 1678 2147 1742 elucet
2201 1677 2312 1741 illa
2359 1677 2578 1761 regula
2624 1700 2814 1761 quam

469 1782 534 1845 in
568 1782 788 1847 ceteris
819 1805 1066 1866 quoque
1096 1783 1357 1867 pedibus
1403 1786 1672 1867 probare
1704 1786 2066 1868 poterimuS,
2115 1784 2607 1868 Aristophanem
2640 1785 2813 1850 omni

468 1890 673 1954 studio
728 1890 792 1954 id
838 1892 1149 1956 curavisse
1204 1915 1283 1956 ne
1329 1892 1607 1977 syllabae
1665 1893 1879 1957 breves
1933 1891 2162 1976 longae
2216 1891 2353 1957 loco
2405 1893 2642 1975 positae
2688 1913 2813 1976 quo

470 1997 654 2061 modo
710 1997 1144 2063 dilacerentur.
1237 1997 1557 2063 Nimirum
1621 2005 1839 2083 poetae
1903 1998 2177 2063 studium
2235 2021 2308 2063 eo
2370 2000 2687 2077 tendebat,
2743 2002 2815 2062 ut

469 2105 591 2169 duo
639 2105 853 2169 brevia
898 2110 1182 2188 tempora
1228 2106 1456 2190 longae
1502 2106 1781 2190 syllabae
1829 2106 2145 2189 explentia
2189 2106 2462 2189 spatium
2511 2105 2687 2169 nulla
2734 2127 2812 2170 ne

470 2212 731 2276 minima
777 2213 1029 2295 quidem
1077 2236 1254 2278 mora
1308 2214 1635 2278 interiecta
1681 2235 1806 2277 uno
1857 2217 2072 2277 tenore
2118 2214 2366 2277 recitari
2425 2216 2695 2296 possent,
2753 2217 2815 2276 et

469 2319 728 2401 proinde
792 2342 1085 2384 numerus
1145 2320 1460 2404 jambicus
1524 2321 1813 2386 omnibus
1880 2322 2142 2403 pedibus
2209 2321 2571 2404 perspicuus
2637 2323 2812 2384 esset.

470 2425 646 2502 Quod
694 2448 835 2490 cum
882 2428 972 2491 ita
1016 2429 1099 2492 sit
1145 2431 1207 2492 et
1253 2450 1395 2492 cum
1443 2429 1524 2492 ob
1557 2450 1694 2492 eam
1726 2450 1973 2492 causam
2021 2430 2089 2492 in
2135 2430 2481 2493 sententiae
2518 2431 2812 2493 contextu

469 2536 801 2600 verborum
861 2537 1036 2601 nullo
1101 2536 1349 2602 vinculo
1413 2536 1830 2602 cohibitorum
1897 2536 2262 2619 compositio
2330 2538 2592 2614 vitetur,
2655 2558 2811 2619 quo-

471 2643 654 2706 modo
701 2642 852 2708 ferri
901 2645 1092 2727 possit
1123 2644 1497 2723 tribrachuS,
1548 2645 1723 2727 cujus
1770 2642 1968 2707 altera
2014 2643 2258 2727 syllaba
2290 2648 2353 2708 et
2397 2644 2583 2708 tertia
2615 2645 2811 2708 inter-

469 2752 808 2833 punctione
864 2752 1207 2834 disjunctae
1263 2753 1408 2829 sint,
1465 2774 1626 2835 quae
1681 2772 2088 2833 personarum
2147 2750 2567 2815 vicissitudine
2622 2752 2812 2816 etiam

471 2859 725 2940 gravior
787 2862 849 2922 et
911 2858 1229 2923 molestior
1291 2860 1556 2922 evadat?
1648 2857 1872 2941 Itaque
1926 2857 2059 2941 jam
2121 2856 2456 2921 Elmsleius
2518 2858 2592 2922 de
2651 2859 2811 2924 Ach.

471 2986 681 3028 versus
737 2965 977 3029 medela
1024 2965 1348 3049 cogitabat
1403 2969 1592 3049 atque
1648 2963 1946 3048 parvulae
2001 2963 2350 3048 particulae
2406 2966 2679 3031 subsidio
2736 2967 2813 3030 ad

471 3094 718 3136 versum
781 3073 1240 3137 emendandum
1307 3073 1534 3151 utitur,
1599 3094 1741 3136 cum
1807 3072 2103 3154 proponit
2165 3071 2372 3134 πόθεν
2438 3073 2514 3135 δ’.
2615 3073 2813 3157 Atqui

470 3180 716 3257 horum,
765 3181 839 3243 de
887 3180 1111 3264 quibus
1160 3181 1424 3265 agimuS,
1476 3202 1763 3244 versuum
1810 3180 2120 3263 scriptura
2165 3179 2296 3243 fere
2327 3179 2610 3244 omnium
2643 3182 2813 3245 codi-

472 3309 615 3350 cum
647 3288 985 3351 autoritate
1017 3287 1106 3350 ita
1136 3288 1388 3351 firmata
1419 3290 1528 3366 est,
1563 3291 1635 3350 ut
1665 3288 1740 3351 de
1771 3287 2056 3366 lectione,
2093 3309 2281 3369 quam
2314 3286 2462 3350 libri
2494 3287 2813 3367 exhibent,

471 3395 761 3460 dubitare
806 3417 933 3459 non
982 3395 1202 3459 ausim.
1295 3392 1520 3477 Itaque
1568 3392 1694 3457 alia
1747 3394 2204 3475 interpretandi
2250 3393 2354 3457 via
2404 3394 2814 3478 ingredienda

471 3505 563 3566 est
624 3506 687 3567 et
749 3502 1034 3586 equidem
1102 3503 1238 3584 ipsa
1305 3502 1807 3584 interpunctione
1877 3522 2013 3564 eam
2083 3501 2261 3564 nobis
2329 3500 2570 3564 ostendi
2639 3505 2811 3584 puto.

472 3609 627 3674 Cum
693 3610 857 3673 enim
923 3610 1331 3674 concludatur
1392 3612 1532 3693 post
1593 3608 1859 3672 alteram
1918 3606 2225 3691 syllabam
2291 3608 2631 3687 sententia,
2695 3607 2812 3671 ali-

472 3718 772 3800 quamdiu
833 3717 1091 3782 dubium
1155 3739 1282 3780 esse
1345 3719 1578 3799 potest,
1642 3719 1855 3779 utrum
1916 3715 2072 3779 haec
2132 3715 2333 3779 altera
2392 3713 2634 3798 syllaba
2699 3736 2814 3796 pro

470 3825 663 3909 longa
711 3847 793 3888 an
839 3845 951 3907 pro
1002 3824 1173 3887 brevi
1219 3824 1518 3887 sumenda
1562 3823 1662 3886 sit.
1755 3821 1901 3887 Jam
1948 3822 2098 3906 quid
2145 3821 2426 3905 impedit,
2474 3822 2627 3904 quin
2677 3843 2812 3884 eam

470 3931 664 4014 ipsius
709 3932 1234 4015 interpunctionis
1265 3931 1327 3995 vi
1358 3931 1586 4015 longae
1632 3930 1873 4014 pondus
1906 3930 2149 4013 assequi
2179 3930 2567 3993 statuamus?
2637 3927 2816 4003 Quod

473 4038 637 4100 enim
684 4039 1041 4120 saepissime
1097 4038 1162 4101 in
1209 4060 1420 4103 versus
1465 4038 1591 4103 fine
1649 4039 1829 4103 nobis
1874 4036 2168 4116 occurrit,
2218 4040 2289 4100 ut
2334 4034 2556 4098 ultima
2610 4035 2815 4099 brevis

656 4249 696 4324 1)
737 4253 802 4307 cf.
843 4253 1045 4320 Christ,
1085 4253 1291 4312 Metrik
1329 4254 1426 4311 der
1464 4252 1740 4313 Griechen
1778 4253 1894 4308 und
1934 4254 2150 4320 Romer,
2190 4251 2244 4310 S.
2275 4252 2392 4306 136.
