3250 5000
1446 300 1884 361 -22-

492 493 962 558 exclamationis
1007 493 1208 556 simile
1248 493 1602 575 exemplum
1653 493 1946 575 reperias.
2040 492 2248 556 Etiam
2299 493 2503 556 minus
2550 492 2841 556 timemus

491 601 557 663 in
581 600 895 682 justarum
927 599 1310 665 solutionum
1340 622 1673 664 numerum
1705 600 1979 682 recipere
2009 599 2402 663 tribrachum
2432 599 2552 662 Av.
2584 621 2641 661 v.
2671 598 2834 661 1381

494 707 626 769 ἀλλ’
677 708 716 770 ὅ
775 732 827 769 τι
892 707 1118 789 λέγεις,
1184 730 1309 790 qua
1374 708 1447 771 de
1508 707 1818 770 solutione
1880 705 2031 789 quid
2092 705 2391 784 sentiam,
2450 706 2583 788 jam
2651 726 2840 787 supra

493 813 914 877 demonstravi
964 813 1074 895 (cf.
1127 834 1269 896 pag.
1318 812 1449 893 14).

669 934 908 1000 Verum
961 937 1135 1001 nullo
1182 937 1366 1001 modo
1414 936 1706 1012 adducor,
1757 941 1828 1000 ut
1873 936 2262 1000 commodam
2313 935 2603 1013 habeam,
2650 957 2840 1018 quam

490 1042 555 1106 in
591 1043 780 1125 Vesp.
821 1067 879 1107 v.
910 1045 1034 1108 767
1087 1043 1352 1127 legimus
1397 1043 1776 1107 solutionem
1824 1044 1988 1124 ἅπερ
2038 1044 2174 1105 ἐκεῖ
2212 1042 2560 1124 πράττεται,
2609 1043 2841 1125 quippe

491 1152 554 1212 in
623 1172 749 1234 qua
810 1148 1091 1234 syllabae
1159 1150 1378 1213 breves
1444 1151 1598 1213 arsis
1666 1150 1803 1213 loco
1867 1149 2106 1231 positae
2174 1148 2361 1232 plane
2425 1148 2842 1213 dilacerentur

492 1281 696 1342 neque
750 1257 880 1321 ullo
936 1258 1375 1322 contineantur
1429 1257 1702 1322 vinculo,
1797 1256 2161 1321 Rectissime
2222 1256 2342 1320 hoc
2399 1255 2843 1321 animadvertit

492 1364 819 1429 Dobraeus
877 1370 1065 1449 atque
1127 1365 1501 1443 felicissime,
1565 1365 1617 1429 si
1680 1366 1831 1449 quid
1893 1364 2090 1441 vide0,
2143 1364 2499 1429 emendavit
2556 1366 2596 1426 ἃ
2658 1362 2849 1426 κάκεῖ

491 1472 839 1551 πράττεται.
899 1472 1143 1535 .Minus
1211 1471 1623 1554 probabiliter
1693 1474 1767 1536 de
1836 1472 1956 1536 hoc
2024 1493 2203 1535 versu
2274 1492 2475 1552 nuper
2534 1470 2843 1553 judicavit

493 1577 844 1642 Meinekius
897 1579 963 1642 in
1010 1578 1425 1643 vindiciarum
1484 1578 1647 1642 libro
1695 1602 1755 1662 p.
1791 1579 1897 1656 30,
1944 1578 2054 1662 qui
2110 1576 2198 1640 nil
2247 1577 2560 1659 reperiens
2605 1576 2840 1641 insoliti

491 1686 557 1749 in
609 1685 726 1748 hac
757 1686 1068 1749 solutione
1114 1707 1316 1769 neque
1356 1690 1567 1749 tamen
1615 1685 1881 1768 probum
1918 1707 2046 1749 esse
2079 1706 2325 1749 versum
2373 1688 2547 1748 ratus
2593 1684 2657 1747 in
2693 1705 2842 1747 voce

492 1793 700 1871 ταῦθ’,
750 1814 940 1875 quam
973 1815 1098 1875 quo
1147 1793 1380 1857 referat
1425 1794 1489 1855 in
1524 1793 1823 1875 ambiguo
1864 1797 1973 1871 est,
2023 1793 2248 1856 vitium
2295 1791 2489 1856 latere
2521 1791 2843 1856 contendit

494 1903 683 1981 atque
738 1920 852 1981 pro
900 1921 972 1962 ea
1018 1900 1255 1979 πρῶθ’
1290 1904 1361 1963 ut
1405 1898 1750 1963 scribamus
1796 1900 2035 1976 suadet,
2083 1920 2222 1962 cum
2274 1898 2607 1963 arbitrium
2662 1897 2842 1960 nobis

491 2005 828 2089 relinquat,
878 2010 1090 2069 utrum
1122 2006 1287 2088 ἅπερ
1322 2008 1459 2069 ἐκεῖ
1497 2028 1577 2069 an
1625 2007 1666 2067 ἃ
1701 2006 1894 2068 κάκεῖ
1916 2004 2358 2069 anteferamus
2432 2003 2523 2069 At
2554 2005 2842 2087 equidem

495 2110 679 2192 plane
734 2133 861 2174 non
917 2111 1239 2194 intellegO,
1298 2134 1407 2175 cur
1464 2134 1680 2176 vocem
1729 2111 1917 2174 ταῦθ’
1954 2115 2288 2189 tentemuS,
2346 2133 2487 2174 cum
2545 2109 2842 2175 facillime

494 2225 683 2301 atque
741 2240 816 2281 ex
871 2219 1285 2301 grammatica
1339 2219 1581 2282 ratione
1640 2219 1977 2283 rectissime
2038 2221 2103 2282 in
2162 2218 2420 2282 verbum
2472 2220 2843 2282 antecedens

496 2324 712 2397 δίκαζε
758 2325 1084 2402 referatur,
1134 2325 1234 2388 cui
1279 2328 1628 2389 structurae
1677 2347 1802 2388 non
1835 2325 2044 2389 obstat
2089 2325 2244 2388 illud
2287 2326 2657 2389 antecedens
2696 2326 2842 2406 περὶ

492 2438 626 2509 τοῦ,
653 2432 818 2514 quod
850 2431 1001 2494 item
1029 2431 1386 2515 saepissime
1415 2433 1605 2497 verbo
1638 2432 1917 2507 δικάζειν
1944 2456 2074 2496 sese
2103 2434 2494 2517 conjungens
2525 2455 2562 2495 a
2589 2433 2842 2517 proprio

494 2539 761 2620 pendeat
783 2539 1081 2622 subjecto.
1146 2539 1379 2623 Utique
1404 2545 1549 2605 utra
1572 2541 1756 2605 lectio
1783 2541 2183 2605 Meinekiana
2208 2541 2389 2604 alteri
2415 2541 2491 2603 ad
2517 2541 2841 2605 metricam

494 2645 885 2728 disciplinam
932 2652 1224 2729 praestet,
1274 2647 1453 2711 nobis
1499 2648 1870 2731 ambiguum
1918 2670 2047 2712 esse
2094 2670 2220 2711 non
2262 2649 2399 2731 jam
2447 2651 2670 2730 potest.

1044 2893 1128 2962 V.
1189 2894 1290 2961 De
1336 2893 1735 2962 tribrachis
1783 2894 2020 2982 quinti
2066 2893 2293 2981 pediS.

672 3054 1011 3119 Rarissime
1051 3056 1460 3121 inveniuntur
1497 3057 1803 3122 tribrachi
1850 3060 1990 3140 post
2022 3057 2283 3121 alteram
2315 3055 2624 3140 syllabam
2664 3054 2845 3119 incisi
2939 3101 2942 3104 -

493 3162 555 3224 in
591 3162 813 3246 quinto
859 3161 1014 3242 pede
1044 3162 1333 3226 videlicet
1378 3163 1457 3226 ob
1499 3185 1640 3227 eam
1688 3185 1959 3240 causam,
2012 3185 2150 3227 cum
2203 3164 2304 3226 hio
2352 3183 2459 3244 pes
2507 3162 2583 3225 ad
2632 3183 2844 3225 versus

497 3269 684 3332 finem
739 3267 1021 3349 proxime
1069 3269 1363 3333 accedens
1418 3292 1709 3334 numeros
1759 3271 2062 3334 desideret
2108 3292 2294 3353 quam
2357 3267 2626 3331 maxime
2682 3268 2842 3351 legi-

493 3377 695 3454 timas,
745 3379 820 3438 ut,
861 3373 1240 3439 solutionum
1289 3378 1544 3441 omnino
1592 3377 1758 3441 haud
1808 3378 1897 3441 ita
1941 3378 2187 3460 patiens
2226 3377 2325 3440 sit.
2424 3375 2516 3439 Ac
2563 3375 2843 3458 profecto

493 3504 785 3546 numeros
845 3482 1204 3563 impeditius
1267 3484 1738 3567 progredientes
1799 3485 1866 3546 in
1923 3483 2097 3547 nullo
2155 3483 2582 3565 deprehendas
2641 3503 2839 3556 versu,

492 3592 685 3655 immo
748 3589 815 3651 in
878 3587 1244 3667 solutiones,
1307 3611 1739 3673 quaecumque
1803 3591 2052 3654 obviam
2117 3591 2309 3667 fiunt,
2372 3590 2838 3654 excusationum

494 3719 676 3759 ansas
730 3717 806 3758 ex
867 3695 1126 3777 pedibus
1180 3696 1603 3778 superioribus
1660 3698 1810 3761 satis
1859 3701 2038 3760 notas
2095 3695 2434 3759 transferre
2496 3717 2837 3778 possumuS.

494 3803 597 3866 An
654 3803 844 3866 etiam
891 3802 1031 3885 quis
1092 3802 1416 3884 paululum
1481 3803 1766 3869 haerebit
1824 3805 1892 3868 in
1947 3805 2301 3883 tribrachis,
2358 3825 2513 3886 quos
2574 3803 2842 3887 legimus

492 3910 558 3973 in
608 3910 768 4031 EqU.
802 3932 860 3973 v.
899 3910 1066 3973 1245
1115 3909 1388 3992 πότερον
1435 3912 1502 3973 ἒν
1549 3913 1777 3994 ἀγορᾷ,
1838 3913 2007 3976 1392
2058 3913 2134 3973 οὗ
2185 3911 2306 3993 γὰρ
2356 3912 2391 3973 ὁ
2440 3909 2841 3992 Παφλαγων,

496 4037 761 4099 quorum
807 4015 872 4079 in
920 4016 1127 4099 priore
1185 4018 1583 4099 praepositiO,
1631 4020 1697 4082 in
1746 4019 1942 4083 altero
1990 4017 2290 4082 articulus
2338 4018 2516 4100 quasi
2572 4017 2843 4099 primam

494 4124 806 4205 sequentis
837 4124 1004 4187 vocis
1052 4123 1287 4188 efficiat
1316 4122 1645 4208 syllabam.
1722 4125 1946 4209 Neque
1994 4124 2194 4208 magis
2240 4128 2392 4206 puto
2427 4123 2547 4186 Av.
2581 4147 2639 4188 v.
2672 4125 2837 4189 1677

465 4228 565 4294 ’τὸ
612 4235 896 4311 πρᾶγμα.
957 4232 1014 4293 τί
1056 4230 1132 4294 σὺ
1181 4231 1376 4313 λέγεις
1433 4232 1675 4297 medela
1729 4233 2032 4316 indigere,
2087 4233 2151 4295 in
2204 4252 2329 4313 quo
2385 4253 2563 4294 versu
2622 4252 2841 4295 mono-
