3250 5000
1349 316 1795 378 —25—

397 509 755 575 tribrachus
812 511 1051 593 patitur
1106 531 1509 574 numerorum
1568 511 1911 588 licentiam,
1961 515 2033 575 ut
2078 512 2369 576 enclitica
2422 500 2488 576 in
2544 513 2750 595 priore

397 618 550 681 arsis
595 617 839 702 syllaba
893 622 1186 700 ponatur,
1243 640 1317 681 ea
1371 619 1437 682 in
1485 617 1751 703 dactylis
1805 619 1992 700 primi
2047 620 2221 701 pedis
2276 619 2456 684 nobis
2510 619 2750 685 duobus

397 724 678 790 versibus
724 723 1094 788 indubitatis
1140 723 1372 788 tradita
1419 728 1538 788 est:
1593 724 1738 788 Pac.
1790 747 1848 788 v.
1884 726 2014 788 444
2062 727 2126 788 εἴ
2159 750 2249 795 τις
2296 726 2640 807 ἐπιθυμῶν
2690 729 2751 790 et

396 830 649 896 Thesm.
698 854 755 895 v.
792 832 919 894 335
969 832 1033 893 εἴ
1070 855 1159 901 τις
1212 831 1627 913 ἐπιβουλεύει.
1721 830 2204 896 Excusationem
2262 831 2410 896 huic
2472 832 2748 896 libertati

395 936 542 1001 inde
592 938 730 1002 fieri
787 938 945 1001 mihi
1000 937 1337 1002 verisimile
1382 941 1492 1014 est,
1551 937 1722 1026 quod
1774 958 2119 1019 pronomen
2167 961 2256 1007 τις
2311 937 2546 1002 efficiat
2600 958 2749 1022 gra-

397 1044 632 1109 viorem
695 1046 1004 1109 enuntiati
1071 1049 1318 1127 partem
1379 1050 1569 1127 atque
1629 1046 1721 1107 ita
1787 1044 2075 1127 graviore
2137 1066 2287 1108 voce
2350 1046 2749 1127 pronuntiari

396 1152 608 1234 possit.
687 1151 812 1215 Ter
844 1151 996 1214 arsis
1027 1150 1308 1235 syllabae
1347 1151 1613 1234 singulis
1647 1151 1903 1214 vocibus
1947 1150 2394 1234 monosyllabis
2426 1173 2749 1234 expressae

393 1262 568 1337 sunt,
634 1280 795 1341 quae
860 1262 1031 1321 arcte
1092 1258 1258 1322 inter
1320 1280 1385 1322 se
1448 1258 1789 1323 cohaerent
1849 1262 1912 1320 et
1971 1259 2149 1340 quasi
2214 1280 2408 1322 unam
2471 1258 2749 1323 formant

396 1365 683 1428 voculam
746 1364 1153 1449 bisyllabam:
1215 1363 1378 1428 Ach.
1415 1365 1545 1429 914
1592 1364 1703 1427 καὶ
1758 1366 1830 1427 σέ
1886 1387 1985 1444 γε;
2049 1364 2304 1430 Thesm.
2340 1366 2467 1429 486
2516 1363 2674 1447 κᾷθ’
2710 1367 2747 1428 ὅ

393 1472 542 1552 μέν;
591 1471 759 1536 Plut.
795 1474 924 1537 473
972 1472 1081 1535 καὶ
1127 1472 1205 1535 σύ
1255 1496 1341 1552 γε.

574 1578 943 1662 Priusquam
977 1578 1381 1656 solutionum,
1429 1599 1698 1661 quarum
1729 1577 1931 1642 altera
1975 1579 2042 1640 in
2080 1576 2324 1662 syllaba
2369 1578 2746 1642 terminatur

394 1707 517 1749 vox
562 1685 893 1770 bisyllaba,
942 1686 1140 1749 fusius
1177 1707 1487 1768 exponam
1529 1685 1944 1763 condicioneS,
1993 1707 2266 1749 errorem
2311 1685 2621 1762 refutabO,
2672 1686 2747 1751 de

395 1814 519 1876 quo
552 1793 837 1877 Engerus
882 1793 948 1857 in
997 1791 1531 1875 disputatiuncula
1576 1814 1688 1856 sua
1734 1791 2073 1857 lectoribus
2119 1793 2489 1874 persuadere
2519 1793 2746 1856 studet.

395 1899 552 1964 Cum
600 1901 764 1964 enim
797 1922 977 1965 voces
1024 1900 1374 1985 bisyllabae
1419 1900 1761 1963 maximam
1808 1903 2051 1982 partem
2083 1899 2461 1981 compositae
2506 1900 2634 1963 sint
2671 1922 2747 1963 ex

395 2007 558 2070 binis
621 2008 1099 2092 monosyllabiS,
1163 2008 1230 2070 in
1295 2006 1414 2071 hac
1469 2006 1918 2089 compositione
1975 2027 2227 2069 causam
2287 2006 2553 2089 positam
2615 2027 2746 2071 esse

394 2115 733 2193 contendit,
789 2137 899 2179 cur
955 2115 1120 2179 hanc
1165 2114 1539 2178 solutionem
1585 2117 1658 2176 ut
1712 2113 2062 2196 legitimam
2118 2117 2306 2196 poe‘ta
2361 2112 2742 2195 probaverit.

394 2223 490 2286 Ex
537 2223 624 2287 eis
669 2221 838 2303 ipsis,
886 2243 1048 2304 quae
1080 2219 1286 2284 adhuc
1332 2221 1407 2284 de
1452 2220 1919 2284 tribrachorum
1955 2219 2373 2283 solutionibus
2409 2219 2744 2301 disputavi,

394 2329 576 2394 facile
620 2329 797 2412 sequi
852 2328 1032 2391 nobis
1078 2327 1323 2392 videtur
1370 2327 1544 2391 verbi
1591 2327 1859 2410 alicujus
1906 2325 2419 2409 compositionem
2479 2326 2570 2390 ita
2616 2349 2742 2391 non

392 2436 538 2500 talis
582 2436 891 2499 libertatis
938 2435 1403 2499 excusationem
1452 2435 1674 2498 afferre
1729 2455 1923 2517 posse,
1971 2436 2043 2497 ut
2089 2436 2329 2514 contra,
2384 2432 2437 2496 si
2484 2455 2550 2496 re
2597 2455 2746 2498 vera

393 2546 467 2609 de
526 2544 703 2608 verbi
766 2542 1213 2626 compositione
1278 2543 1620 2627 cogitetur,
1685 2542 1804 2605 hoc
1865 2540 2161 2605 solutioni
2228 2540 2550 2604 obstaculo
2615 2564 2745 2606 esse

393 2652 635 2716 debeat.
713 2648 881 2714 Nam
929 2650 1161 2732 ubique
1199 2655 1447 2713 servata
1478 2653 1571 2714 est
1600 2646 1842 2731 regula,
1892 2670 1971 2711 ne
2003 2647 2158 2711 arsis
2186 2646 2427 2711 solutae
2463 2646 2744 2732 syllabae

394 2779 693 2841 umquam
754 2756 993 2820 duobus
1059 2755 1421 2820 tribuantur
1485 2755 1832 2833 vocabuliS,
1896 2777 2059 2838 quae
2126 2776 2250 2818 non
2316 2754 2530 2838 aliquo
2591 2775 2742 2819 con-

391 2865 712 2929 tineantur
757 2863 1007 2928 vinculo
1057 2885 1212 2927 neve
1257 2885 1535 2947 unquam
1583 2864 1666 2927 ob
1713 2885 1851 2927 eam
1899 2884 2031 2926 rem
2089 2861 2260 2945 prior
2306 2862 2460 2925 arsis
2505 2861 2746 2926 solutae

389 2971 637 3057 syllaba
702 2972 991 3036 enclitica
1061 2972 1479 3053 exprimatur,
1549 2992 1714 3054 quae
1778 2969 2170 3034 antecedenti
2232 2991 2364 3033 sese
2428 2968 2744 3033 acclinans

391 3078 697 3143 vocabulo
745 3078 826 3142 ab
871 3079 1239 3162 insequente
1286 3079 1567 3161 sejuncta
1610 3077 1711 3142 sit.
1805 3077 1900 3141 Ac
1947 3077 2229 3159 profecto
2276 3078 2407 3159 ipse
2456 3076 2745 3160 Engerus

389 3186 723 3263 intellexit,
772 3207 963 3269 quam
993 3186 1214 3250 statuit
1247 3185 1555 3269 regulam,
1604 3207 1744 3248 eam
1790 3206 1916 3247 non
1966 3205 2409 3268 usquequaque
2451 3184 2742 3248 sustineri

388 3314 566 3375 posse
613 3296 801 3376 atque
847 3314 990 3356 cum
1035 3292 1245 3376 plures
1285 3315 1496 3356 versus
1542 3314 1694 3357 voce
1735 3291 1890 3354 ἀλλὰ
1938 3291 2225 3355 inchoari
2272 3292 2531 3367 videret,
2578 3290 2744 3355 hanc

391 3403 557 3463 certe
612 3399 921 3478 voculam,
981 3399 1096 3463 etsi
1155 3401 1499 3481 composita
1558 3421 1683 3463 non
1742 3403 1921 3477 esset,
1975 3399 2218 3481 justum
2274 3398 2464 3463 ordiri
2520 3398 2743 3481 pedem

390 3505 712 3571 concessit.
808 3505 896 3570 At
957 3505 1114 3569 mihi
1160 3506 1412 3589 quidem
1468 3505 1646 3570 illam
1700 3506 1983 3589 regulam
2041 3506 2324 3569 funditus
2386 3526 2742 3588 perversam

390 3635 518 3678 esse
564 3634 928 3695 persuasum
961 3617 1072 3691 est,
1122 3636 1265 3678 cum
1298 3613 1790 3697 Aristophanem
1838 3635 1964 3677 non
2012 3613 2277 3678 multum
2315 3613 2625 3677 curavisse
2666 3633 2744 3675 ex

390 3718 860 3803 insequentibus
907 3720 1208 3802 exemplis
1248 3726 1569 3803 appareat,
1617 3720 1930 3804 quomodo
1970 3720 2439 3802 conjunctiones
2487 3724 2550 3784 et
2594 3740 2741 3802 pro-

392 3827 649 3890 nomina
679 3827 961 3891 trochaei
987 3826 1301 3910 explentia
1325 3833 1610 3910 tempora
1638 3827 1869 3911 (neque
1893 3850 2040 3892 vero
2071 3827 2374 3912 pyrrichii
2405 3831 2475 3890 ut
2498 3826 2591 3890 ὅτι
2616 3827 2738 3905 ὅτε,

392 3934 557 4015 quod
591 3933 876 4017 Engerus
917 3935 1266 4017 contendit)
1310 3956 1602 4000 versuum
1643 3935 1842 3998 initiis
1879 3935 2197 4012 insereret,
2233 3934 2415 3998 modo
2454 3934 2742 4016 expedite

392 4061 466 4105 ac
510 4041 707 4106 libere
752 4042 1149 4125 pronuntiari
1195 4047 1257 4107 et
1302 4064 1444 4107 cum
1489 4042 1964 4125 insequentibus
2010 4042 2310 4125 conjungi
2358 4044 2631 4124 possent.

571 4146 861 4213 Ceterum
923 4172 1002 4215 ne
1063 4149 1128 4211 in
1191 4147 1291 4213 his
1338 4148 1589 4232 quidem
1652 4148 1965 4232 plerisque
2013 4147 2429 4212 solutionibus
2482 4147 2739 4212 difficile

392 4253 511 4319 erit
574 4255 986 4321 excusationis
1051 4256 1347 4340 quasdam
1412 4277 1655 4333 causaS,
1722 4255 1950 4340 quibus
2013 4257 2260 4339 saepius
2323 4255 2737 4320 solutionibus
