3250 5000
1462 285 1906 348 -32—

506 478 745 560 pridem
802 478 1113 543 intellexit
1158 478 1429 544 Cobetus
1477 482 1687 562 atque,
1751 501 1890 544 cum
1948 479 2141 544 codex
2186 479 2560 545 Mutinensis
2622 483 2861 565 primus

509 585 581 648 δέ
611 608 682 665 γε
727 586 1047 667 praebeat,
1097 586 1365 650 maxime
1410 586 1825 668 probabiliter
1864 586 2198 669 legendum
2232 589 2529 671 proponit
2576 589 2648 651 δέ
2679 592 2734 670 γ’
2762 589 2860 652 οὗ.

505 693 780 775 Recepta
825 693 1138 776 particula
1184 717 1254 775 γε
1301 697 1362 758 et
1408 698 1680 758 metrum
1712 694 2242 777 elegantissimum
2279 695 2485 760 evadit
2524 699 2586 760 et
2632 697 2856 761 horum

509 821 796 865 versuum
829 804 1144 864 structura
1189 800 1408 864 similis
1456 801 1529 864 fit
1576 801 2080 865 antecedentium
2115 801 2484 881 condicioni,
2534 802 2601 866 in
2632 803 2861 886 quibus

505 908 654 971 item
678 906 834 971 haec
855 907 1166 989 particula
1183 907 1248 969 in
1271 907 1586 972 codicibus
1607 910 1821 992 eisque
1840 909 2093 990 optimis
2108 908 2481 992 plerumque
2502 910 2729 974 omissa
2746 915 2858 974 est.

1035 1102 1241 1172 VIII.
1298 1104 1400 1171 De
1449 1102 1769 1190 dactylis
1817 1102 2056 1190 quinti
2089 1104 2327 1193 pediS.

682 1244 757 1308 In
789 1246 997 1327 quinti
1035 1247 1208 1328 pedis
1237 1247 1518 1311 solvendi
1549 1248 1858 1310 rationem
1897 1247 2165 1312 multum
2197 1247 2532 1312 contulisse
2561 1248 2859 1327 studium,

507 1357 576 1415 ut
606 1373 685 1415 ne
728 1352 792 1414 in
829 1375 1037 1416 versus
1070 1354 1192 1416 fine
1231 1353 1418 1417 nimis
1455 1357 1918 1436 perverteretur
1955 1376 2271 1432 numerus»,
2306 1359 2495 1438 atque
2525 1354 2576 1418 si
2608 1355 2860 1438 quando

505 1458 690 1541 hujus
758 1458 931 1540 pedis
1000 1458 1194 1541 longa
1264 1459 1504 1522 duobus
1570 1461 2039 1542 exprimebatur
2101 1462 2452 1541 vocabuliS‚
2523 1463 2859 1526 secundam

503 1586 749 1646 semper
795 1570 963 1629 arcte
1009 1567 1410 1649 conjunctam
1467 1589 1594 1630 esse
1642 1589 1782 1631 cum
1840 1568 2205 1651 insequente
2260 1568 2522 1652 syllaba,
2581 1573 2653 1632 ut
2708 1591 2859 1633 con-

504 1674 692 1736 cinna
739 1694 812 1736 ac
857 1694 1082 1736 sonora
1129 1673 1418 1736 evaderet
1461 1696 1673 1737 versus
1722 1675 2102 1754 terminati0‚
2142 1676 2276 1758 jam
2316 1675 2564 1758 saepius
2610 1675 2860 1739 monui-

502 1801 640 1843 mus
686 1782 751 1843 et
797 1802 834 1843 a
874 1777 1151 1844 Seidlero
1197 1780 1261 1843 in
1312 1802 1572 1844 excursu
1622 1781 1701 1844 ad
1749 1781 1982 1845 librum
2031 1783 2106 1846 de
2155 1783 2432 1846 versibus
2480 1782 2859 1846 dochmiacis

503 1886 917 1968 (380—400)
966 1887 1115 1950 satis
1162 1887 1655 1951 demonstratum
1714 1893 1824 1952 est.
1918 1889 2119 1965 Quam
2166 1889 2416 1973 quidem
2474 1888 2858 1972 praeclaram

505 1993 1003 2057 observationem
1073 1993 1257 2058 facile
1321 1995 1443 2057 erit
1506 1995 1696 2059 etiam
1764 1996 1832 2058 in
1896 1996 2189 2080 dactylis,
2260 1996 2336 2059 de
2399 1997 2627 2080 quibus
2692 2018 2858 2059 nunc

503 2122 792 2184 agemus,
855 2100 1064 2164 divisis
1127 2101 1570 2165 demonstrare.
1675 2101 1872 2167 Nullo
1935 2103 2098 2167 enim
2163 2103 2299 2167 loco
2362 2103 2563 2166 altera
2624 2102 2858 2186 dactyli
2952 2096 2958 2105 ’

500 2207 746 2292 syllaba
792 2207 918 2271 fine
965 2207 1267 2290 longioris
1300 2209 1589 2271 vocabuli
1629 2209 2079 2288 conformatur,
2128 2210 2322 2272 immo
2353 2231 2600 2291 semper
2638 2230 2859 2274 mono-

500 2314 745 2398 syllaba
792 2335 941 2378 voce
989 2335 1185 2396 eaque
1233 2314 1309 2377 ad
1355 2315 1688 2398 insequens
1736 2317 2109 2381 vocabulum
2160 2317 2433 2380 maxime
2483 2317 2854 2399 pertinente.

503 2420 604 2485 Ita
665 2421 965 2485 articulus
1026 2421 1125 2484 vel
1186 2423 1562 2505 praepositio
1625 2424 2059 2508 monosyllaba
2121 2423 2284 2488 hanc
2347 2426 2590 2488 obtinet
2652 2424 2858 2488 sedem

502 2533 802 2612 sequente
844 2528 1173 2612 trisyllabo
1207 2529 1539 2593 vocabulo:
1590 2517 1916 2594 Aehq533
1957 2532 2105 2613 μήτ’
2141 2532 2208 2594 ἓν
2240 2532 2451 2614 ἀγορᾷ
2464 2556 2477 2607 ;
2529 2532 2690 2614 Equ.
2731 2533 2855 2596 136

504 2637 923 2719 βυρσοδέψης
988 2637 1024 2698 ὁ
1088 2635 1496 2717 Παφλαγών;
1562 2636 1815 2701 Thesm.
1861 2639 1967 2716 27,
2019 2639 2101 2701 28
2167 2643 2397 2701 σιωπῶ
2459 2636 2529 2701 τὸ
2594 2638 2855 2720 θύριονς

507 2725 828 2807 Ran2101
891 2742 1124 2824 ὀμόσαι
1181 2743 1336 2804 καθ’
1373 2744 1593 2825 ῖερῶνς
1661 2746 1785 2809 517
1845 2745 1970 2826 ἤδη
2029 2744 2103 2806 τὰ
2160 2746 2436 2827 τεμάχη;
2502 2744 2669 2808 Plut.
2706 2746 2857 2822 351,

505 2852 655 2929 397,
707 2851 865 2927 845;
933 2850 1188 2932 Fragm.
1225 2851 1351 2913 238
1373 2875 1421 2912 τ.
1514 2850 1614 2914 Ex
1671 2851 1948 2928 elisione,
2006 2872 2132 2933 qua
2188 2851 2387 2915 altera
2443 2850 2676 2934 dactyli
2730 2850 2856 2935 syl-

503 2959 648 3022 laba
706 2957 1138 3041 monosyllaba
1193 2979 1342 3021 voce
1389 2979 1677 3039 expressa
1733 2981 1875 3022 cum
1933 2962 2231 3042 sequente
2287 2958 2617 3042 trisyllabo
2674 2980 2858 3022 voca-

504 3064 651 3128 bulo
686 3065 958 3127 maxime
989 3064 1415 3146 conjungitur,
1447 3063 1697 3147 plenam
1732 3067 1968 3129 ducunt
1994 3065 2487 3130 excusationem:
2538 3066 2695 3129 Rau.
2733 3067 2853 3129 141

500 3172 590 3235 τὼ
642 3172 750 3233 δύ’
786 3169 1025 3252 ὂβόλω,
1077 3171 1246 3232 1422
1286 3170 1696 3252 Ἀλκιβιάδου
1744 3170 1854 3233 τίν’
1893 3173 2137 3253 ἔχετον.4
2221 3171 2661 3254 Compluribus
2707 3172 2858 3235 locis

441 3268 445 3271 ’
502 3279 621 3341 hoc
669 3298 919 3361 quoque
978 3277 1133 3358 pede
1181 3277 1412 3360 dactyli
1460 3278 1678 3341 breves
1725 3277 2003 3362 syllabae
2059 3278 2224 3341 binis
2270 3278 2590 3343 vocabulis
2640 3301 2857 3344 mono-

499 3384 758 3469 syllabis
792 3405 1118 3465 expressae
1149 3386 1296 3446 sunt
1325 3384 1429 3447 sed
1476 3385 1587 3461 ita,
1637 3389 1708 3447 ut
1745 3407 1823 3448 ne
1865 3385 2122 3448 minima
2154 3386 2407 3467 quidem
2442 3386 2607 3450 vocis
2636 3386 2856 3450 remis-

500 3493 673 3556 sione
739 3514 881 3555 cum
944 3492 1416 3574 insequentibus
1477 3513 1604 3555 uno
1670 3495 1887 3555 tenore
1952 3492 2456 3573 pronuntiandae
2517 3493 2662 3555 sint.
2757 3492 2856 3556 Ita

502 3597 660 3661 duae
717 3597 1191 3681 monosyllabae
1237 3598 1548 3661 sententia
1607 3602 1670 3661 et
1723 3582 2140 3681 grammatica
2193 3599 2436 3662 ratione
2491 3620 2634 3661 cum
2690 3600 2857 3662 inse-

501 3704 839 3786 quentibus
888 3705 1363 3787 conjungendae
1409 3709 1587 3768 sunt:
1641 3706 1758 3769 Av.
1797 3706 1965 3768 1213
2005 3704 2378 3786 πελάργωνς
2425 3705 2485 3767 τί
2509 3704 2578 3767 τὸ
2619 3705 2854 3782 κακόνς

506 3812 674 3875 1273
726 3810 1058 3873 κέλευσον
1107 3812 1166 3872 τί
1217 3809 1293 3873 σὺ
1352 3811 1576 3891 λέγειςς
1626 3805 1894 3874 ’Τὴρεῐη
1932 3812 2059 3875 610
2117 3811 2338 3874 αὐτοῦ·
2397 3812 2455 3873 τί
2503 3811 2573 3873 τὸ
2630 3811 2854 3874 κακόν.

497 3917 719 3980 Altera
776 3918 1210 4002 monosyllaba
1265 3919 1460 3999 priori
1519 3920 1723 4001 magis
1767 3941 1832 3982 se
1881 3918 2191 4002 adjungit,
2250 3923 2320 3981 ut
2363 3939 2506 3981 cum
2554 3939 2628 3982 ea
2674 3918 2854 4001 quasi

502 4023 883 4108 bisyllabum
918 4024 1152 4090 formet
1181 4026 1445 4089 verbum
1477 4028 1582 4090 sed
1624 4027 1688 4089 id
1724 4026 1995 4090 maxime
2033 4020 2354 4108 pertinens
2386 4025 2460 4087 ad
2494 4030 2854 4108 sequentem

502 4152 748 4195 vocem:
814 4129 959 4213 LyS.
995 4132 1116 4194 851
1171 4151 1299 4194 σοι·
1350 4131 1425 4194 σὺ
1486 4132 1555 4195 δὲ
1610 4134 1699 4202 τίς
1754 4132 1835 4206 εἷς
1901 4132 2067 4195 Plut.
2107 4133 2227 4194 161
2279 4130 2388 4193 καὶ
2444 4132 2502 4193 τί
2551 4131 2634 4193 ἔτ’
2673 4132 2852 4212 ἐρεῖς,

508 4238 677 4301 1180
726 4238 980 4310 σωθείς,
1033 4239 1070 4300 ὁ
1120 4239 1188 4301 δὲ
1235 4239 1322 4307 τίς
1370 4241 1467 4302 ἄν.
